@STRING{acmdbtrans = {ACM Transactions on Database Systems}}
@STRING{acmcomms = {Communications of the ACM}}
@STRING{jlp = {Journal of Logic Programming}}
@STRING{ml = {Machine Learning}}
@STRING{jar=  {Journal of Automated Reasoning}}
@STRING{kade=  {IEEE Transactions on Knowledge and Data Engineering}}
@STRING{jacm = {Journal of the ACM}}



@Article{fag82b,
  author = 	 {Fagin, R.},
  title = 	 {Horn clauses and database dependencies},
  journal = 	 jacm,
  year = 	 {1982},
  volume = 	 {29},
  number = 	 {4},
  pages = 	 {952-985}
}



@Article{mak87,
  author = 	 {Makowsky, J. A.},
  title = 	 {Why {H}orn formulas matter in computer science: Initial structures and generic examples},
  journal = 	 {Journal of Computer and System Sciences},
  year = 	 {1987},
  volume = 	 {34},
  pages = 	 {266-292}
}

@InProceedings{wgs97,
  author = 	 {Wijesekera, D. and Ganesh, M. and Srivastave, J. and Nerode, A. },
  title = 	 {Normal Forms and a Systematic Completeness Theorem for Functional Independencies},
  booktitle = 	 {Workshop of Database Theory, 9th European Summer School on Logic, Language and Information},
  year =         {1997}
}

@InProceedings{Arms74,
  author = 	 {Armstrong, W.},
  title = 	 {Dependency Structures of Data Base Relationships},
  booktitle = 	 {Proceedings of the IFIP Congress},
  year = 	 {1974},
  publisher = {Elsevier - North-Holland},
  address = 	 {Stockholm},
  pages = 	 {580 - 583}
}


@article{fv83,
	author = {Fagin, R. and Vardi, M},
	title = {Armstrong Relations for Functional and Inclusion Dependencies},
	journal = {Information Processing Letters},
	number = {1},
	volume = {16},
	pages = {13 - 19},
	year = {1983}	}

@techreport{fag82,
	author = {Fagin, R.},
	title = {Armstrong databases
},
	institution = {IBM Research Report},
	number = {RJ3440 (40926)},
	year = {1982}	}	

@article{bdfs84,
	author ={ Beeri, C. and Dowd, M. and Fagin, R. and Statman, R.}, 
	title = {On the Structure of {A}rmstrong Relations for Functional
Dependencies},
	journal = jacm,
	volume = {31},
	number = {1},
	pages = {30 -- 46},
	month = {January},
	year = {1984}	}



