
@InProceedings{toi96b,
  author = 	 {Toivonen, H.},
  title = 	 {Sampling large databases for association rules},
  booktitle = 	 {22nd International Conference on Very Large Databases (VLDB'96)},
  year = 	 {1996},
  publisher = {Morgan Kaufmann},
  address = 	 {Mumbay, India},
  month = 	 {September},
  pages = 	 {134 - 145}
}

@InProceedings{tkr95,
  author = 	 {Toivonen, H. and Klemettinen, M. and Ronkainen, P. and 
H\"{a}t\"{o}nen and Mannila, H.},
  title = 	 {Pruning and Grouping of discovered association rules},
  booktitle = 	 {MLnet Workshop on Statistics, Machine Learning, and
Discovery in Databases},
  year = 	 {1995},
  address = 	 {Heraklion, Crete, Greece},
  month = 	 {April },
  pages = 	 {47 - 52}
}

@inproceedings{ais93,
        author = {Agrawal, R. and Imielinski, T. and Swami, A.},
        title= {Mining Association Rules between Sets of Items in Large Databases},
        booktitle = {Proceedings of the 1993 ACM SIGMOD},
        editor = {Buneman, P. and Jajobia, S.},
	publisher = {ACM Press},
        year = {1993},
        pages = {207-216},
        address = {Washington, D.C.}}

@inproceedings{KMRTV94,
	author = {Klemettinen, M. and Mannila, H. and Ronkainen, P. and Toivonen, H. and Inkeri-Verkamo, A.},
	title = { Finding Interesting Rules from Large Sets of Discovered Association Rules},
	booktitle = {Third International Conference on Information and Knowledge Management},
	editor = {Adam, N. and Bhargava, B. and Yesha, Y.},
	publisher = {ACM Press},
	year = {1994},
	pages = {401-407},
	address = {Gaithersburg, Maryland}}  

@InProceedings{hkmt95,
  author = 	 {Holsheimer, M. and Kersten, M.  and Mannila, H. and Toivonen, H.},
  title = 	 {A perspective on databases and data mining},
  booktitle = 	 {Proceedings of the First International Conference on Knowledge Discovery and Data Mining (KDD-95)},
  editor = 	 {Usama M. Fayyad and R. Uthurusamy},
  year = 	 {1995},
  publisher = {AAAI Press},
  pages = 	 {150 - 155}
}
