@STRING{mit = {MIT Press}}
@STRING{f = {W. H. Freeman}}
@STRING{spv = {Springer--Verlag}}
@STRING{adw = {Addison--Wesley}}
@STRING{jacm = {Journal of the ACM}}


@Article{cho74,
  author = 	 {Choueka, Y.},
  title = 	 {Theories of automata on $\omega$-tapes: A simplified approach},
  journal = 	 { Journal of Computer and System Sciences},
  year = 	 {1974},
  volume = 	 {8},
  pages = 	 {117-141}
}



@InCollection{tho90,
  author = 	 {Thomas, W.},
  title = 	 {Automata on Infinite Objects},
  booktitle = 	 {Formal Models and Semantics},
  series =       {Handbook of Theoretical Computer Science},
  publisher = {Elsevier Science},
  year = 	 {1990},
  editor = 	 {van Leeuwen, J.},
  volume = 	 {B },
  pages = 	 {133 - 191}
}