@STRING{mit = {MIT Press}}
@STRING{spv = {Springer--Verlag}}
@STRING{adw = {Addison--Wesley}}
@STRING{ox = {Oxford Science Publications}}
@STRING{f = {W. H. Freeman}}
@STRING{cam = {Cambridge University Press}}
@STRING{siam = {SIAM Review}}
@STRING{jasa = {Journal of the American Statistical Association}}
@STRING{jme = {Journal of Molecular Evolution}}
@STRING{h = {Heredity}}
@STRING{sb = {Systematic Biology}}
@STRING{pnas = {Proceedings of the National Academy of Sciences}}
@STRING{lnis = {Lecture Notes in Statistics}}
@STRING{cwi = {CWI Quarterly}}

@InProceedings{wl94,
  author = 	 {Weigend, A. S. and LeBaron, B.},
  title = 	 {Evaluating Neural Network Predictors by Bootstrapping},
  booktitle = 	 {Proceedings of the International Conference on  Neural 
Information Processing (ICONIP'94)},
  year = 	 {1994},
  address = 	 {Seoul, Korea},
  pages = 	 {1207 - 1212}
}

@TechReport{lw97,
  author = 	 {LeBaron, B. and Weigend, A. S.},
  title = 	 {A Bootstrap Evaluation of the Effect of Data Splitting on Financial Time Series},
  institution =  {Leonard N. Stern School of Business, New York University},
  year = 	 {1997},
  number = 	 {IS-97-013}
}

@TechReport{bas97,
  author = 	 {Bask, M. },
  title = 	 {Using Moving Blocks Bootstrap to Test for the Presence of a
Positive Lyapunov Exponent in a Time Series},
  institution =  {Department of Economics, Ume\r{a} University},
  year = 	 {1997},
  number = 	 {442}
}

@Article{gen96,
  author = 	 {Gen\c{c}ay, R.},
  title = 	 {A statistical framework for testing chaotic dynamics via {L}yanpunov exponents},
  journal = 	 {Physica D},
  year = 	 {1996},
  volume = 	 {89},
  pages = 	 {261 - 266}
}

@Book{bb95b,
  author = 	 {Barbe, P. and Bertail, P.},
  title = 	 {The Weighted Bootstrap},
  publisher = 	 spv,
  year = 	 {1995},
  volume = 	 {98},
  series = 	 lnis
  }


@Article{hmn92,
  author = 	 {Haeusler, E. and Mason, D.M. and Newton, M. A.},
  title = 	 {Weighted Bootstrapping of Means},
  journal = 	 cwi,
  year = 	 {1992},
  pages = 	 {213 - 228 }
}

@Article{lak95,
  author = 	 {Lake, J. A.},
  title = 	 {Calculating the probability of multitaxon evolutionary trees: Bootstrappers Gambit},
  journal = 	 pnas,
  year = 	 {1995},
  volume = 	 {92},
  month = 	 {October},
  pages = 	 {9662 - 9666 },
  address =      {USA}
}

@Article{van95,
  author = 	 {Van Dongen, S.},
  title = 	 {How should we Bootstrap allozyme data?},
  journal = 	 h,
  year = 	 {1995},
  volume = 	 {74},
  pages = 	 {445 - 447}
}


@Article{vb95,
  author = 	 {Van Dongen, S. and Backeljau, T.},
  title = 	 {One- and two-sample tests for single-locus inbreeding coefficients using the bootstrap},
  journal = 	 h,
  year = 	 {1995},
  volume = 	 {74},
  pages = 	 {129 - 135}
}

@Article{dop94,
  author = 	 {Dopazo, J.},
  title = 	 {Estimating Errors and Confidence Intervals for Branch lengths in phylogenetic trees by a bootstrap approach},
  journal = 	 jme,
  year = 	 {1994},
  volume = 	 {38},
  pages = 	 {300-304}
}

@Article{har94,
  author = 	 {Harshman, J.},
  title = 	 {The Effect of irrelevant characters on bootstrap values},
  journal = 	 sb,
  year = 	 {1994},
  volume = 	 {43},
  number = 	 {3},
  pages = 	 {419 - 424}
}


@Article{lz94,
  author = 	 {Li, W-H. and Zharkikh, A.},
  title = 	 {What is the Bootstrap Technique?},
  journal = 	 sb,
  year = 	 {1994},
  volume = 	 {43},
  number = 	 {3},
  pages = 	 {424 - 430}
}
