@STRING{mit = {MIT Press}}
@STRING{spv = {Springer--Verlag}}
@STRING{adw = {Addison--Wesley}}
@STRING{benc = {Benjamin/Cummings}}
@STRING{com = {Computer Science Press}}
@STRING{mh = {McGraw - Hill}}



@Book{ahu83,
  author = 	 {A.V.  Aho and J.E. Hopcroft  and J.D. Ullman },
  title = 	 {Data Structures and Algorithms},
  publisher = 	 {Addison-Wesley},
  year = 	 {1983},
  address = 	 {Reading Ma.}
}

@book{Maier83,
	author = {Maier, D.},
	title = {The Theory of Relational Databases},
	publisher = com,
	year = {1983},
	address = {New York}}

@book{Ullm88,
	author = {Ullman, J. D. },
	title = {Principles of Database and Knowledge-Base Systems},
	volume = {1},
	publisher = com,
	year = {1988},
	address = {Rockville, MD} }

@book{atze93,
	author = {Atzeni, P. and De Antonellis, V.},
	title = {Relational Database Theory},
	publisher = benc,
	year = {1993},
	address = {Redwood City, California} }

@book{Date95,
	author = {Date, C. J.},
	title = {An Introduction to Database Systems},
	edition = {Sixth},
	publisher = adw,
	year = {1995},
	address = {Reading, Massachusetts} }

@book{artofprolog,
	author = {Sterling, L. and Shapiro, E.},
	title = {The Art of Prolog: Advanced Programming Techniques},
	publisher = mit,
	year = {1986},
	address = {Massachusetts}}

@book{logicfound,
	author = {Lloyd, J.W.},
	title = {Foundations of Logic Programming},
	edition  = {second,extended},
	publisher = spv,
	year = {1987},
	address = {Berlin}}

@book{vhe89,
	author = {Van Hentenryck, P.},
	title = {Constraint Satisfaction in Logic Programming},
	publisher = mit,
	year = {1989},
	address = {Massachusetts}}

@book{logicprogfound,
	author = {Hogger, C.J. },
	title = {Essentials of Logic Programming},
	publisher = {Oxford University Press},
	year = {1987},
	address = {Oxford}}


@book{databasefound,
	author = {Abiteboul, S. and Hull, R. and Vianu, V.},
	title = {Foundations of Databases},
	publisher = adw,
	year = {1995},
	address = {Massachusetts} }
