@STRING{mit = {MIT Press}}
@STRING{f = {W. H. Freeman}}
@STRING{spv = {Springer--Verlag}}
@STRING{adw = {Addison--Wesley}}
@STRING{jacm = {Journal of the ACM}}

@Article{as87,
  author = 	 {Alpern, B. and Schneider, F. B.},
  title = 	 {Recognizing Safety and Liveness},
  journal = 	 {Distributed Computing},
  year = 	 {1987},
  volume = 	 {2},
  pages = 	 {117 - 126}
}

@Article{har87,
  author = 	 {Harel, D.},
  title = 	 {Statecharts: A visual formalism for complex systems},
  journal = 	 {Science of Computer Programming},
  year = 	 {1987},
  volume = 	 {8},
  pages = 	 {231 - 274}
}

