@STRING{acmdbtrans = {ACM Transactions on Database Systems}}
@STRING{acmcomms = {Communications of the ACM}}
@STRING{jlp = {Journal of Logic Programming}}
@STRING{ml = {Machine Learning}}
@STRING{jar=  {Journal of Automated Reasoning}}
@STRING{kade=  {IEEE Transactions on Knowledge and Data Engineering}}
@STRING{jacm = {Journal of the ACM}}




@article{Will92,
	author = {Wille, R.},
	title =  {Concept lattices and Conceptual Knowledge Systems},
	journal  = {Computers Mathematics Applications},
	volume =  {23},
	number = {9},
	pages = {493-515},
	year =  {1992}}


