@STRING{acmdbtrans = {ACM Transactions on Database Systems}}
@STRING{acmcomms = {Communications of the ACM}}
@STRING{jlp = {Journal of Logic Programming}}
@STRING{ml = {Machine Learning}}
@STRING{jar=  {Journal of Automated Reasoning}}
@STRING{kade=  {IEEE Transactions on Knowledge and Data Engineering}}
@STRING{jacm = {Journal of the ACM}}
@STRING{ac = {Acta Cybernetica} }


@InProceedings{get97,
  author = 	 {Getta, J. R.},
  title = 	 {Query Processing in Database Systems with Inconsistent Information},
  booktitle = 	 {Workshop of Database Theory, 9th European Summer School on Logic, Language and Information},
  year =         {1997}
}



@article{dt95,
	author = {Demetrovics, J. and Thi, V. D. },
	title = {Some observations on the minimal {A}rmstrong relations
for normalised relation schemes},
	journal = {Computers and Artificial Intelligence},
	volume = {14},
	number = {5},
	pages = {455 - 467},
	year = {1995}	}


@article{dt88,
	author = {Demetrovics, J. and Thi, V. D. },
	title = {Relations and Minimal Keys},
	journal = ac,
	volume = {8},
	number = {3},
	pages = {279 - 285},
	year = {1988}	}

@article{thi86,
	author = {Thi, V. D. },
	title = {Minimal keys and Antikeys},
	journal = ac,
	volume = {7},
	pages = {361 - 371},
	year = {1986}	}


@article{zm81,
	author = {Zaniolo, C. and Melkanoff, M.},
	title = {On the Design of Relational Database Schemata},
	journal = acmdbtrans,
	volume = {6},
	number = {1},
	pages = {1--47},
	year = {1981} }

@article{fag77,
	author = {Fagin, R.},
	title = {Functional Dependencies in a relational database and propositional logic},
	journal = {IBM Journal of Research and Development},
	volume = {21},
	pages = {534 - 544},
	year = {1977} }

@inproceedings{win95,
	author =  {Winslett, M.},
	title = {Epistemic Aspects of Databases},
	booktitle = {Handbook of Logic in Artificial Intelligence and Logic Programming},
	editor = {Gabbay, D. and Hogger, C. J.},
	publisher =   {Clarendon Press},
	volume = {4},
	pages = {133 - 174},
	year = {1995}}

 @article{dc73,
	author = {Delobel, C. and Casey, R. G.},
	title = {Decomposition of a Data Base and the Theory of Boolean
Switching Functions},
	journal = {IBM Journal of Research and Development},
	volume = {17},
	number = {5},
	month = {September},
	pages = {374 - 386},
	year = {1973}	}




@PhdThesis{ps84,
  author = 	 {Piatetsky-Shapiro, G.},
  title = 	 {A Self-Organizing Database system - A different approach
to query optimisation},
  school = 	 {New York University},
  year = 	 {1984}
}

