@STRING{acmdbtrans = {ACM Transactions on Database Systems}}
@STRING{acmcomms = {Communications of the ACM}}
@STRING{jlp = {Journal of Logic Programming}}
@STRING{ml = {Machine Learning}}
@STRING{jar=  {Journal of Automated Reasoning}}
@STRING{kade=  {IEEE Transactions on Knowledge and Data Engineering}}
@STRING{jacm = {Journal of the ACM}}


@Article{lo78,
  title =        "Candidate Keys for Relations",
  author =       "Cl{\'a}udio L. Lucchesi and Sylvia L. Osborn",
  pages =        "270--279",
  journal =      "Journal of Computer and System Sciences",
  year =         "1978",
  month =        oct,
  volume =       "17",
  number =       "2",
}


@InProceedings{pap95,
title          ="Database Metatheory: Asking the Big Queries",
author         ="Papadimitriou, C.",
booktitle      ="Proceedings of the Fourteenth {ACM}
                {SIGACT}-{SIGMOD}-{SIGART} Symposium on Principles of
                Database Systems",
year           ="1995",
co-organization ="ACM",
pages          ="1-10",
}



@Article{ll97c,
  author = 	 {M. Levene and G. Loizou},
  title = 	 {Null inclusion dependencies in relational databases},
  journal = 	 {Information and Computation},
  year = 	 {1997},
  volume = 	 {136},
  number = 	 {2},
  pages = 	 {67 - 108}
}

@Book{lev92,
  author = 	 {Levene, M.},
  title = 	 {The Nested Universal Relation Database Model},
  publisher = 	 {Springer-Verlag},
  year = 	 {1992},
  number = 	 {595},
  series = 	 {Lecture Notes in Computer Science}
}

@incollection{cod72,
        author = {Codd, E. F.},
        title= {Further normalization of the data base relational model},
        booktitle = {Data Base Systems},
        editor = {Rustin, R.},
        series = {Courant Computer Science Symposium},
        volume = {6},
	publisher = {Prentice Hall},	
        year = {1972},
        pages = {33-64},
        address = {Englewood Cliffs, NJ}}


@article{bv84,
	author = {Beeri, C. and Vardi, M.},
	title =  {A Proof Procedure for Data Dependencies},
	journal  = jacm,
	volume =  {31},
	number =  {4},
	pages = {718 -- 741},
	year = {1984}}


@article{ghl93,
	author = {Grant, J. and Horty, J. and Lobo, J. and Minker, J.},
	title =  {View Updates in Stratified Disjunctive Databases},
	journal  = jar,
	volume =  {11},
	pages = {249 -  267},
	year = {1993}}

@article{deb89,
	author = {Debenham, J. K.},
	title = {Normal Forms for Knowledge Based Systems},
	journal = {Knowledge Based Systems},
	volume = {2},
	number = {3},
	pages = {147 -- 157},
	year = {1989}}

@article{cod70,
	author = {Codd, E. F.},
	title =  {A Relational Model of Data for Large Shared Data Banks},
	journal  = acmcomms,
	volume =  {13},
	number =  {6},
	pages = {377-387},
	year = {1970}}

@article{distkbs93,
	author = {Levene, M. and Loizou, G.},
	title =  {A Modal Logic Formalism for Distributed and Parallel Knowledge Bases},
	journal  = {Parallel Algorithms and Applications},
	volume =  {1},
	pages = {11-27},
	year =  {1993}}

@article{nob83,
	author = {Noble, H.},
	title = {The Automatic Generation of Test Data for a Relational Database},
	journal = {Information Systems},
	volume = {8},
	number = {2},
	pages = {79 -- 86},
	year = {1983} }

@article{ken83,
	author = {Kent, W.},
	title =  {A Simple Guide to the  Five Normal in Relational Database Theory},
	journal  = cacm,
	volume =  {26},
	number = {2},
	pages = {120 - 125},
	year = {1983} }
