_@STRING{jlp = {Journal of Logic Programming}}
@STRING{ml = {Machine Learning}}
@STRING{jar=  {Journal of Automated Reasoning}}
@STRING{kade=  {IEEE Transactions on Knowledge and Data Engineering}}
@STRING{jacm = {Journal of the ACM}}
@STRING{acminfsys =  {ACM Transactions on Information Systems}}
@STRING{acmdbtrans = {ACM Transactions on Database Systems}}



@PhdThesis{ses96,
  author = 	 {Seshadri, P.},
  title = 	 {Management of Sequence Data},
  school = 	 {University of Wisconsin-Madison},
  year = 	 {1996}
}

@Article{mms79,
  author = 	 {Maier, D. and Mendelzon, A. O. and Sagiv, Y.},
  title = 	 {Testing Implications of Data Dependencies},
  journal = 	 acmdbtrans,
  year = 	 {1979},
  volume = 	 {4},
  number = 	 {4},
  pages = 	 {455-469}
}

@InProceedings{nam80,
  author =       "K. K. Nambiar",
  title =        "Some Analytic Tools for the Design of Relational
                 Database Systems",
  pages =        "417--428",
  booktitle =    "International Conference On Very Large Data Bases
                 ({VLDB} '80)",
  month =        oct,
  publisher =    "IEEE Computer Society Press",
  address =      "Long Beach, Ca., USA",
  year =         "1980",
}


@book{Mann92,
	author = {Mannila, H. and R\"{a}ih\"{a}, K-J. },
	title = {The Design of Relational Databases},
	publisher = adw,
	year = {1992}
}

@Article{bb79,
  author =       { Beeri, C. and Bernstein, P. A.},
  title =        { Computational Problems related to the design of Normal
Form Relational Schemas },
  journal =      acmdbtrans,
  year =         {1979},
  volume =       {4},
  number =       {1},
  pages =        {30 - 59}
}

@PhdThesis{vin94,
  author = 	 {Vincent, M. W.},
  title = 	 {The Semantic Justification for Normal Forms in Relational Database Design},
  school = 	 {Monash University},
  year = 	 {1994}
}

@article{rei92,
	author = {Reiter, R.},
	title =  {What Should a Database Know?},
	journal  = jlp,
	volume =  {14},
	pages = {127 - 153},
	year = {1992}}
	
@article{lrw95,
	author = {Liu, H. and Rowles, C. D. and Wen, W. X.},
	title =  {Critics for Knowledge-Based Design Systems},
	journal  = kade,
	volume =  {7},
	number =  {5},
	pages = {691 - 697},
	year = {1995}}

@article{hv88,
	author = {Helman, P. and Veroff, R.},
	title =  {Designing Deductive Databases},
	journal  = jar,
	volume =  {4},
	pages = {29 - 68},
	year = {1988}}



@TechReport{ll94,
  author = 	 {Levene, M. and Loizou, G.},
  title = 	 {Navigation in Hypertext is Easy Only Sometimes},
  institution =  {University College London},
  year = 	 {1994},
  number = 	 {RN/94/43}
}

@techreport{bis95,
	author = {Biskup, J.},
	title =  {Database Schema Design Theory: Achievements and Challenges},
	institution  =  {Hildesheimer Informatik Berichte},
	year = {1995},
	note = {interesting}}


@article{beliefnet,
	author = {Abramson, B. and Ng, K-C.},
	title =  {Toward an Art and Science of Knowledge Engineering: A Case for Belief Networks},
	journal  = kade,
	volume =  {4},
	number =  {1},
	pages = {52-68},
	year = {1993}}


@techreport{ll95,
	author = {Levene, M. and Loizou, G.},
	title =  {Database Design for Incomplete Relations},
	institution  =  {University College London},
	number = {18},
	year =  {1995}}

