@STRING{acmdbtrans = {ACM Transactions on Database Systems}}
@STRING{acmcomms = {Communications of the ACM}}
@STRING{jlp = {Journal of Logic Programming}}
@STRING{ml = {Machine Learning}}
@STRING{jar=  {Journal of Automated Reasoning}}
@STRING{kade=  {IEEE Transactions on Knowledge and Data Engineering}}
@STRING{jacm = {Journal of the ACM}}
 
@article{ms90,
        author = {McKenzie, E. and Snodgrass, R.},
        title =  {Schema Evolution and the Relational Algebra},
        journal  =  {Information Systems},
        volume =  {15},
        number =  {2},
        pages = {207 -- 232},
        year = {1990} }

@TechReport{rod94,
  author = 	 {Roddick, J. F.},
  title = 	 {A survey of schema versioning issues for database systems},
  institution =  {University of South Australia},
  year = 	 {1994},
  number = 	 {CIS-94-010}
}


@InProceedings{rcr93,
  author = 	 {Roddick, J. F.  and Craske, N. G. and Richards, T. J. },
  title = 	 {A Taxonomy for Schema Versioning Based on the Relational and Entity Relationship Models},
  booktitle = 	 {Entity-Relationship Approach - ER'93, 12th International Conference on the Entity-Relationship Approach},
  editor = 	 {Elmasri, R. and Kouramajian, V. and Thalheim, B.},
  number = 	 {823},
  series = 	 {Lecture Notes in Computer Science},
  year = 	 {1994},
  publisher = {Springer - Verlag},
  pages = 	 {137 - 148}
}

@InProceedings{oe92,
  author = 	 {Orlowska, M. and Ewald, C.},
  title = 	 {Schema Evolution - The Design and Integration of Fact Based Schemata},
  booktitle = 	 {Research and Practical Issues in Databases, Proceedings of the 3rd Australian Database Conference},
  editor = 	 {Srinivasan, B. and Zeleznikow, J.},
  year = 	 {1992},
  publisher =    {World Scientific},
  address = 	 {La Trobe University},
  pages = 	 {306 - 320}
}


@Article{van93,
  author = 	 {van Bommel, P.},
  title = 	 {A Randomised Schema Mutator for Evolutionary Database Optimisation},
  journal = 	 {Australian Computer Journal},
  year = 	 {1993},
  volume = 	 {25},
  number = 	 {2},
  month = 	 {May},
  pages = 	 {61 - 69}
}



