@STRING{acmdbtrans = {ACM Transactions on Database Systems}}
@STRING{acmcomms = {Communications of the ACM}}
@STRING{jlp = {Journal of Logic Programming}}
@STRING{ml = {Machine Learning}}
@STRING{dam = {Discrete Applied Mathematics}}
@STRING{jar=  {Journal of Automated Reasoning}}
@STRING{kade=  {IEEE Transactions on Knowledge and Data Engineering}}
@STRING{jacm = {Journal of the ACM}}
@STRING{jcss = {Journal of Computer and System Sciences}}



@Article{ll98,
  author = 	 {M. Levene and G. Loizou},
  title = 	 {Axiomatisation of functional dependencies in incomplete relations},
  journal = 	 {Theoretical Computer Science},
  year = 	 {1998},
  volume = 	 {206},
  number = 	 {1-2},
  month = 	 {October},
  pages = 	 {283-300}
}

@Article{cfp84,
  author = 	 {Casanova, M. A. and Fagin, R. and Papadimitriou C. H.},
  title = 	 {Inclusion Dependencies and their interactions with functional dependencies},
  journal = 	 jcss,
  year = 	 {1984},
  volume = 	 {28},
  pages = 	 {29 - 59}
}

@Article{cv85,
  author = 	 {Chandra, A. and Vardi, M. Y.},
  title = 	 {The Implication Problem for functional and inclusion 
dependencies is undecidable},
  journal = 	 {{SIAM} Journal of Computing},
  year = 	 {1985},
  volume = 	 {14},
  number = 	 {3},
  pages = 	 {671 - 677}
}

@inproceedings{inv91,
	author = {Imielinski, T. and Naqvi, S. and Vadaparty, K.},
	title =  {Incomplete objects - A Data Model for Design  and Planning Applications},
	booktitle = {Proceedings of the  {ACM SIGMOD}},
	publisher =  {ACM Press},
	pages = {288 -- 297},
	year = {1991}}


@TechReport{lv97,
  author = 	 { Levene, M. and Vincent, M. W.},
  title = 	 {Recovery from inconsistency in incomplete relations},
  institution =  {Department of Computer Science, University College London},
  year = 	 {1997},
  number = 	 {RN/97/81}
}

  
@InProceedings{mt96,
  author = 	 {Mannila, H.  and Toivonen , H.},
  title = 	 {Discovering generalized episodes using minimal occurrences},
  booktitle = 	 {Proceedings of the Second International Conference on Knowledge Discovery and Data Mining (KDD-96)},
  year = 	 {1996},
  publisher = {AAAI Press},
  address = 	 { Portland, Oregon},
  month = 	 {August},
  pages = 	 {146-151}
}


@InProceedings{psm93,
  author = 	 {Piatetsky-Shapiro, G. and Matheus, C. J.},
  title = 	 {Measuring Data Dependencies in Large Databases},
  booktitle = 	 {Knowledge Discovery in Databases: Papers from the 1993 Workshop},
  publisher = {AAAI Press},
  address = 	 {Washington DC},
  pages = 	 {162--173},
  year =         {1993}
}


@InProceedings{pk95,
  author = 	 {Pfahringer, B. and  Kramer, S.},
  title = 	 {Compression-Based Evaluation of Partial Determinations},
  booktitle = 	 {Proceedings of the First International Conference on Knowledge Discovery and Data Mining (KDD-95)},
  year = 	 {1995},
  editor = 	 {Fayyad, U. M. and Uthurusamy, R.},
  address = 	 {Montreal, Canada},
  publisher =    {AAAI Press}
}

@TechReport{pk96,
  author = 	 {Kramer, S. and Pfahringer, B.},
  title = 	 {Efficient Search for Strong Partial Determinations},
  institution =  {Austrian Research Institute for Artificial Intelligence},
  year = 	 {1996},
  number = 	 {TR-96-12}
}

@InProceedings{mt96b,
  author = 	 {Heikki Mannila  and Hannu Toivonen},
  title = 	 {Multiple uses of frequent sets and condensed representations}, 
  booktitle = 	 {Proceedings of the Second International Conference on Knowledge Discovery and Data Mining (KDD-96)},
  year = 	 {1996},
  publisher = {AAAI Press},
  editor = 	 {Simoudis, E. and Han, J. and  Fayyad, U. M.},
  address = 	 {Portland, Oregon},
  month = 	 {August},
  pages = 	 {189 - 194}
}


@Article{sho86,
  author = 	 {Shock, R. G.},
  title = 	 {Computing the Minimum cover of functional dependencies},
  journal = 	 {Information Processing Letters},
  year = 	 {1986},
  volume = 	 {22},
  number = 	 {3},
  pages = 	 {157-159}
}



@InProceedings{bel95b,
  author = 	 {Bell, S.},
  title = 	 {Discovery and Maintenance of Functional Dependencies by Independencies},
  booktitle = 	 {Proceedings First International Conference on Knowledge Discovery and Data Mining (KDD-95)},
  editor = 	 {Fayyad, U. M. and Uthurusamy, R.},
  year = 	 {1995},
  publisher = {AAAI Press},
  address = 	 {Montreal, Canada},
  pages = 	 {27-32}
}

@techreport{bel95,
	author = {Bell, S.},
	title =  {The Expanded Implication Problem of Data Dependencies},
	institution  =  { Informatik VIII - University Dortmund},
	number = { LS-8 Report 16},
	year = {1995}}

@techreport{bb95,
	author = {Bell, S. and Brockhausen, P.},
	title =  {Discovery of Data Dependencies in Relational Databases },
	institution  =  { Informatik VIII - University Dortmund},
	number = { LS-8 Report 14},
	year = {1995}}

@Article{gl90,
  author  = 	 {Gottlob, G. and Libkin, L.},
  title   = 	 {Investigations on {A}rmstrong relations, Dependency Inference                   and excluded functional dependencies},
  journal = 	 {Acta Cybernetica},
  year    = 	 {1990},
  volume  = 	 {9},
  number  = 	 {4},
  pages   = 	 {385 - 402}
}

@inproceedings{ll95b,
	author = {Levene, M. and Loizou, G.},
	title = {The additivity problem for data dependencies 
in incomplete relational databases},
	booktitle = {Proceedings of the Workshop on Semantics in Databases},
	location = {Prague},
	pages = {49 - 62},
	year = {1995}	}



@InCollection{ll98b,
  author = 	 {Levene, M. and Loizou, G.},
  title = 	 {The additivity problem for data dependencies in incomplete relational databases},
  booktitle = 	 {Semantics in Databases},
  publisher = {Springer-Verlag },
  year = 	 {1998},
  volume = 	 {1358},
  series = 	 {Lecture Notes in Computer Science},
  pages = 	 {136-169}
}



@Article{ll97,
  author = 	 {Levene, M. and Loizou, G.},
  title = 	 {The additivity problem for functional dependencies 
in incomplete relations},
  journal = 	 {Acta Informatica},
  volume =       {34},
  number =       {2},
  pages =        {135 - 150},
  year = 	 {1997}
}


@article{drs93,
	author = {Demetrovics, J. and  Ronyai, L. and Hua Nam Son},
	title =  {Functional dependencies among Boolean Dependencies},
	journal  = {Annals of Mathematics and Artificial Intelligence},
	volume =  {7},
	pages = {83 -- 106},
	year = {1993}}


@Article{mal83,
  author = 	 {Malvestuto, F.},
  title = 	 {Theory of Random Observables in Relational Databases},
  journal = 	 {Information Systems},
  year = 	 {1983},
  volume = 	 {8},
  number = 	 {4},
  pages = 	 {281 - 289}
}

@article{dk93,
	author = {Demetrovics, J. and Katona, G.},
	title =  {A survey of some combinatorial results concerning functional dependencies  in database relations},
	journal  = {Annals of Mathematics and Artificial Intelligence},
	volume =  {7},
	pages = {63 -- 82},
	year = {1993}}

@article{dks92,
	author = {Demetrovics, J. and Katona, G. and Sali, A.},
	title = {The characterization of Branching Dependencies},
	journal =  dam,
	volume = {40},
	pages = {139-153},
	year = {1992} }

@inproceedings{sm81,
	author = {Silva, A. M. and Melkanoff, M. A. },
	title = {A Method for helping discover the dependencies of a relation},
	booktitle = {Advances in Data Base Theory},
	year = {1981},
	editor = {Gallaire, H. and Minker, J. and Nicolas, J. M. },
	volume = {1},
	publisher = {Plenum Press},
	address = {New York, U.S.A },
	pages  = {115-133} }

@inproceedings{bmt89,
	author = {Bitton, D. and Millman, J. and Torgersen, S. },
	title = {A Feasibility and Performance Study of Dependency Inference},
	booktitle = {Proceedings of the 5th International Conference on Data
Engineering, February 6-10, 1989, Los Angeles, California, USA},
	year = {1989},
	pages  = {635--641},
        publisher = {IEEE Computer Society} }

@article{gm85a,
	author = {Grant, J. and Minker, J.},
	title = {Normalisation and Axiomatisation for  numerical Dependencies},
	journal = {Information and Control},
	volume = {65},
	pages = {1-17},
	year = {1985} }

@article{gm85b,
	author = {Grant, J. and Minker, J.},
	title = {Inferences for numerical dependencies},
	journal = {Theoretical Computer Science},
	volume = {41},
	pages = {271-287},
	year = {1985} }

@article{vn95,
	author = {Vadaparty, K. and Naqvi, S.},
	title = {Using Constraints for Efficient Query Processing in 
Non-Deterministic Databases},
	journal = kade,
	volume = {7},
	number = {6},
	pages = {850 - 864},
	year = {1995} }

@article{ivv95,
	author = {Imielinski, T. and Van Der Meyden, R. and Vadaparty, K.},
	title = {Complexity Tailored Design: A New Design Methodology
for Databases with Incomplete Information},
	journal = {Journal of Computer and System Sciences},
	volume = {51},
	pages = {405-432},
	year = {1995} }

@article{JS87,
	author = {Jurgensen, H. and Simovici, D. A.},
	title = {Towards an Abstract Theory of Dependency Constraints in Relational Databases},
	journal = {Information Sciences},
	volume = {41},
	pages = {43 - 60},
	year = {1987} }

@article{at94,
	author = {Akutsu, T. and Takasu, A.},
	title =  {On {PAC} Learnability of Functional Dependencies},
	journal  = {New Generation Computing},
	volume =  {12},
	pages = {359 -- 374},
	year = {1994}}

@article{kan85,
	author = {Kanovich, M. I.},
	title = {Efficient Logical Algorithms of Analysis and the Synthesis of 
Dependencies},
	journal = {Soviet Math Dokl.},
	number = {3},
	volume = {32},
	year = {1985}	}

@article{sdpf81,
	author = {Sagiv, Y. and Delobel, C. and Stott Parker, C. and Fagin, R.},
	title =  {An equivalence between Relational Database Dependencies and a  
Fragment of Propositional logic},
	journal  = jacm,
	volume =  {28},
	number = {3},
	pages = {435 - 453},
	year = {1981 } }


@Article{ad80,
  author = 	 {Armstrong, W. W. and Delobel, C.},
  title = 	 {Decompositions and Functional Dependencies in Relations},
  journal = 	 acmdbtrans,
  year = 	 {1980},
  volume = 	 {5},
  number = 	 {4},
  pages = 	 {404 - 430}
}

