@STRING{acmdbtrans = {ACM Transactions on Database Systems}}
@STRING{acmcomms = {Communications of the ACM}}
@STRING{jlp = {Journal of Logic Programming}}
@STRING{ml = {Machine Learning}}
@STRING{dam = {Discrete Applied Mathematics}}
@STRING{jar=  {Journal of Automated Reasoning}}
@STRING{kade=  {IEEE Transactions on Knowledge and Data Engineering}}
@STRING{jacm = {Journal of the ACM}}

@article{Via88,
	author = {Vianu, V.},
	title = {Database Survivability Under Dynamic Constraints},
	journal = {Acta Informatica},
	volume = {25},
	pages = {55-84},
	year = {1988}  }

@article{Via87,
	author = {Vianu, V.},
	title = {Dynamic Functional Dependencies and Database Aging},
	journal = jacm,
	volume = {34},
	number = {1},
	pages = {28-59},
	year = {1987}	}

@book{dbro95,
	author = {de Brock, B.},
	title = {Foundations of Semantic Databases},
	publisher = {Prentice Hall},
	year = {1995},
	address = {London, England}}
