@STRING{jlp = {Journal of Logic Programming}}
@STRING{ml = {Machine Learning}}
@STRING{jar=  {Journal of Automated Reasoning}}
@STRING{kade=  {IEEE Transactions on Knowledge and Data Engineering}}
@STRING{jacm = {Journal of the ACM}}
@STRING{acminfsys =  {ACM Transactions on Information Systems}}
@STRING{cacm = {Communications of the ACM}}
@STRING{spv = {Springer--Verlag}}
@STRING{ai = {Artificial Intelligence}}
@STRING{mit = {MIT Press}}

@InProceedings{fay97,
  author = 	 {Fordham, B. and  Abiteboul, S. and Yesha, Y.},
  title = 	 {Evolving Databases: An Application to Electronic Commerce},
  booktitle = 	 {Proceedings of the International Database Engineering and Applications Symposium (IDEAS)},
 year = 	 {1997},
address = 	 { Montreal}
 }


@InProceedings{avf98,
  author = 	 {Abiteboul, S. and Vianu, V. and  Fordham, B. and Yesha, Y. },
  title = 	 {Relational transducers for electronic commerce},
  booktitle = 	 {Proceedings of the seventeenth ACM SIGACT-SIGMOD-SIGART
Symposium on Principles of Database Systems (PODS '98)},
  year = 	 {1998}
}
