@STRING{mit = {MIT Press}}
@STRING{spv = {Springer--Verlag}}
@STRING{adw = {Addison--Wesley}}
@STRING{ox = {Oxford Science Publications}}
@STRING{f = {W. H. Freeman}}
@STRING{cam = {Cambridge University Press}}
@STRING{siam = {SIAM Review}}
@STRING{jacm = {Journal of the ACM}}
@STRING{acmcomms = {Communications of the ACM}}


@Article{mal97,
  author = 	 {Malcolm, R.},
  title = 	 {An Open Letter to the {PhD} Factory},
  journal = 	 {Computing and Control Engineering},
  year = 	 {1997},
  volume = 	 {8},
  number = 	 {5},
  pages = 	 {238-240}
}

