@STRING{mit = {MIT Press}}
@STRING{spv = {Springer--Verlag}}
@STRING{adw = {Addison--Wesley}}
@STRING{ox = {Oxford Science Publications}}
@STRING{f = {W. H. Freeman}}
@STRING{cam = {Cambridge University Press}}
@STRING{siam = {SIAM Review}}


@Article{qr89,
  author = 	 {Quinlan, J. R. and Rivest, R. L.},
  title = 	 {Inferring Decision Trees Using the Minimum Description Length Principle},
  journal = 	 {Information and Computation},
  year = 	 {1989},
  volume = 	 {80},
  pages = 	 {227-248}
}

@Article{mal86,
  author = 	 {Malvestuto, F. M.},
  title = 	 {Statistical Treatment of the Information Content of a Database},
  journal = 	 {Information Systems},
  year = 	 {1986},
  volume = 	 {11},
  number = 	 {3},
  pages = 	 {211-223}
}

@Book{sw50,
  author = 	 {Shannon, C. E. and Weaver, W.},
  title = 	 {The Mathematical Theory of Communication},
  publisher = 	 {University of Illinois Press},
  year = 	 {1950}
}

Grove, A.J., Halpern, J.Y. and Koller, D. (1994) "Random Worlds and Maximum Entropy", Volume 2,
pages 33-88. 



@Article{ghk94,
  author = 	 {Grove, A.J. and Halpern, J.Y. and Koller, D.},
  title = 	 {Random Worlds and Maximum Entropy},
  journal = 	 {Journal of Artificial Intelligence Research},
  year = 	 {1994},
  volume = 	 {2},
  pages = 	 {33-88}
}

@Article{sha48,
  author = 	 {Shannon, C. E.},
  title = 	 {A Mathematical Theory of Communication},
  journal = 	 {The Bell System Technical Journal},
  year = 	 {1948},
  month  =       {July, October}, 
  volume = 	 {27},
  pages = 	 {379 - 423, 623 - 656}
}

@Article{ris78,
  author = 	 {Rissanen, J. },
  title = 	 {Modeling by Shortest Data Description},
  journal = 	 {Automatica},
  year = 	 {1978},
  volume = 	 {14},
  pages = 	 {465 - 471}
}

@Article{ck81,
  author = 	 {Cavallo, R. and Klir, G.},
  title = 	 {Reconstructability Analysis: Evaluation of Reconstruction
 Hypotheses},
  journal = 	 {International Journal of General Systems},
  year = 	 {1981},
  volume = 	 {7},
  number = 	 {1},
  pages = 	 {7-32}
}

@InCollection{jay79,
  author = 	 {Jaynes, E. T.},
  title = 	 {Where do we stand on Maximum Entropy?},
  booktitle = 	 {The Maximum Entropy Formalism},
  year = 	 {1979},
  editor = 	 {Levine, R. D. and Tribus, M.},
  publisher =    {MIT Press},
  pages = 	 {15 - 118}
}

