@STRING{jlp = {Journal of Logic Programming}}
@STRING{ml = {Machine Learning}}
@STRING{jar=  {Journal of Automated Reasoning}}
@STRING{kade=  {IEEE Transactions on Knowledge and Data Engineering}}
@STRING{jacm = {Journal of the ACM}}
@STRING{acminfsys =  {ACM Transactions on Information Systems}}
@STRING{cacm = {Communications of the ACM}}
@STRING{spv = {Springer--Verlag}}
@STRING{ai = {Artificial Intelligence}}
@STRING{mit = {MIT Press}}
@STRING{ieee = {IEEE Press}}


@InProceedings{cl98,
  author = 	 {Collopy, E. and Levene, M.},
  title = 	 {Using Numerical Dependencies and the Bootstrap for the Consistency Problem},
  editor = 	 {Lee, J. and Thuraisingham, B.},
  booktitle = 	 {Proceedings IEEE Knowledge and Data Engineering Exchange Workshop, (KDEX '98), Taipei, Taiwan, November 9, 1998},
  year = 	 {1998},
  pages =        {160-167},
  publisher = ieee,
}

@InProceedings{cl98b,
  author = 	 {Collopy, E. and Levene, M.},
  title = 	 {Resampling in an Indefinite Database to Approximate Functional Dependencies},
  booktitle = 	 {Principles of Data Mining and Knowledge Discovery, Second European Symposium, (PKDD '98), Nantes, France, September 23-26 1998, Proceedings},
  editor = 	 {\.{Z}ytkow, J. M. and Quafafou, M.},
  volume = 	 {1510},
  series = 	 {Lecture Notes in Artificial Intelligence},
  year = 	 {1998},
  publisher = spv,
  pages = 	 {291 - 299}
}

@InProceedings{cl98c,
  author = 	 {Collopy, E. and Levene, M.},
  title = 	 {Evolving Example Relations to Satisfy Functional Dependencies},
  booktitle = 	 {Proceedings of the Third Biennial World Conference on Integrated Design and Process Technology - Issues and Applications of Database Technology, (IADT '98)},
  volume = 	 {2},
  editor =      {Tamer \"{O}zsu, M. and Dogac, A. and Ulusoy, \"{O}.},
  year = 	 {1998},
  address = 	 {Berlin, Germany},
  month = 	 {July 5-9},
  publisher = {Society for Design and Process Science},
  pages = 	 {440 - 448}
}

@TechReport{cl96,
  author = 	 {Collopy, E. and Levene, M.},
  title = 	 {Evolving Example Relations to Satisfy Functional Dependencies},
  institution =  {University College London},
  year = 	 {1996},
  number = 	 {RN/96/124},
  address = 	 {U.K.}
}


@TechReport{cl98d,
  author = 	 {Collopy, E. and Levene, M.},
  title = 	 {Using Numerical Dependencies and the Bootstrap for the Consistency Problem},
  institution =  {University College London},
  year = 	 {1998},
  number = 	 {RN/98/2},
  address = 	 {U.K.}
}


@TechReport{cl98e,
  author = 	 {Collopy, E. and Levene, M.},
  title = 	 {Resampling in an Indefinite Database to Approximate Functional Dependencies},
  institution =  {University College London},
  year = 	 {1998},
  number = 	 {RN/98/10},
  address = 	 {U.K.}
}


@TechReport{cl98f,
  author = 	 {Collopy, E. and Levene, M.},
  title = 	 {Knowledge Discovery from Numerical Dependencies in Temporal Sequences},
  institution =  {University College London},
  year = 	 {1998},
  number = 	 {RN/98/98},
  address = 	 {U.K.},
  note = 	 {Submitted to Data Mining and Knowledge Discovery}
}




