@STRING{ai = {Artificial Intelligence}}




@InProceedings{ckv94,
  author = 	 {Chen, G. and Kerre, E. and Vandenbuulcke, J.},
  title = 	 {Fuzzy Normal Forms and a dependency-preserving decomposition into {0-F2NF}},
  booktitle = 	 {Proceedings of 3rd IEEE International Conference on Fuzzy Systems},
  year = 	 {1994},
  publisher = {IEEE},
  pages = 	 {156 - 161}
}

@InProceedings{cpv94,
  author = 	 {Cubero, J. and Pons, O. and Vila, M.},
  title = 	 {Weak and Strong Resemblance in Fuzzy Functional Dependencies},
  booktitle = 	 {Proceedings of 3rd IEEE International Conference on Fuzzy Systems},
  year = 	 {1994},
  publisher = {IEEE},
  pages = 	 {162 - 166}
}


@Book{miy90,
  author = 	 {Miyamoto, S.},
  title = 	 {Fuzzy sets in information retrieval and cluster analysis},
  publisher = 	 {Kluwer Academic},
  year = 	 {1990},
}

@proceedings{uncert86,
	title =  {Uncertainty in Artificial Intelligence},
	booktitle =  {Uncertainty in Artificial Intelligence},
	year =  {1986},
	editor = {Kanal, L. and Lemmer, J.},
	publisher  =  {North-Holland}  }

@article{halp90,
	author = {Halpern, J.Y.},
	title =  {An Analysis of First-Order Logics of Probability},
	journal  = ai,
	volume =  {46},
	pages = {311 - 350},
	year = {1990} }

@inproceedings{chee86,
	crossref = {uncert86},
	author = {Cheeseman, P. },
	title = {Probabilistic versus Fuzzy Reasoning},
	pages = {85--102}  }

@inproceedings{zade86,
	crossref = {uncert86},
	author = {Zadeh, L.},
	title = {Is Probability Theory sufficient for Dealing with uncertainty in {AI}: a negative  view},
	pages = {85--102}  }

@inproceedings{shaf86,
	crossref = {uncert86},
	author = {Shafer, G.},
	title = {Probability Judgement in Artificial Intelligence},
	pages = {127--135}  }

@techreport{bdp94,
	author = {Bosc, P. and Dubois, D. and Prade, H.},
	title =  {Functional Dependencies and Quotient Operators in Fuzzy Databases},
	institution  =  {Institut de recherche en informatique de Toulouse},
	number = {41},
	year = {1994}}


@InProceedings{bdp94b,
  author = 	 {Bosc, P. and Dubois, D. and Prade, H.},
  title = 	 {Fuzzy Functional Dependencies - An Overview and A Critical
Discussion},
  booktitle = 	 {Proceedings of 3rd IEEE International Conference on Fuzzy Systems},
  year = 	 {1994},
  publisher = {IEEE},
  pages = 	 {325 - 330}
}


@InProceedings{hfs94,
  author = 	 {Hale, J. and Finnerty, S. and Shenoi, S.},
  title = 	 {Analysing Inference in Fuzzy Database Systems},
  booktitle = 	 {Proceedings of 3rd IEEE International Conference on Fuzzy Systems},
  year = 	 {1994},
  publisher = {IEEE Computer Press},
  pages = 	 {325 - 330}
}

@article{smf90,
	author  = { Shenoi,  S. and Melton, A. and Fan, L. T. },
	title = { An equivalence classes model of fuzzy relational databases},
	journal =  {Fuzzy Sets and Systems},
	year = {1990},
	pages = {153 - 170}}

@inproceedings{HS95,
	author  = { Hale, J. and Shenoi,  S.},
	title = { Imprecise Database Inference using Functional dependencies},
	booktitle =  {Advances in  Fuzzy Theory and Technology},
	editor =  {Wang, P.  P.},
	volume = {3},
	year = {1995},
	publisher = {Bookwright},
	address  = {Durham, NC},
	pages = {1 - 15}}

@Article{hs96,
  author = 	 {Hale, J. and Shenoi, S.},
  title = 	 {Analyzing {FD} Inference in Relational Databases},
  journal = 	 {Data \& Knowledge Engineering},
  year = 	 {1996},
  volume = 	 {18},
  pages = 	 {167-183,}
}


@TechReport{hs96b,
  author = 	 {Hale, J. and Shenoi, S.},
  title = 	 {Catalyzing Inference in Database Systems},
  institution =  {The University of Tulsa},
  year = 	 {1996},
  number = 	 {UTULSA-MCS-96-8},
  month = 	 {April}
}

