@STRING{cacm = {Communications of the ACM}}
@STRING{spv = {Springer--Verlag}}
@STRING{ai = {Artificial Intelligence}}
 
@proceedings{ppsn96,
        title =  {Parallel Problem Solving from Nature - {PPSN IV}},
	booktitle =  {Lecture Notes in Computer Science 1141},
        year =  {1996},
	month = {September},
        editor = {Voight, H-M. and Ebeling, W. and Rechenberg, I. and Schwefel, H-P. },
        publisher  =  spv  }
 

@Article{bs93,
  author = 	 {B\"{a}ck, T. and Schwefel, H.},
  title = 	 {An Overview of Evolutionary Algorithms for Parameter 
Optimization},
  journal = 	 {Evolutionary Computation},
  year = 	 {1993},
  volume = 	 {1},
  number = 	 {1},
  pages = 	 {1- 23}
}

@inproceedings{ceg96,
        crossref = {ppsn96},
        author = {Collard, P. and Escazut, C. and Gaspar, A.},
        title = {Genetic Algorithms and Relational Landscapes},
        pages = {472-481}  }

@inproceedings{dpt96,
        crossref = {ppsn96},
        author = {Duvivier, D. and Preux, P. and Talbi, E-G. },
        title = {Climbing up {NP}-hard hills},
        pages = {574-583}  }
 
@inproceedings{mmm96,
        crossref = {ppsn96},
        author = {Menon, A. and Mehrotra, K. and Mohan, C. K. and Ranka, S. },
        title = {A Probabilistic Database Approach to the Analysis of Genetic Algorithms},
        pages = {164-173}  }


@Book{mich94,
  author = 	 {Z. Michalewicz},
  title = 	 {Genetic Algorithms + Data Structures = Evolution Programs},
  publisher = 	 {Springer Verlag},
  year = 	 {1994},
  address = 	 {Berlin}
}


@Article{hb96,
  author = 	 {Heitk\"{o}tter, J. and Beasley, D.},
  title = 	 {The Hitchhiker's Guide to Evolutionary Computation: A
list of {FAQ}s},
  journal = 	 {USENET:comp.ai.genetic},
  year = 	 {1996}
}

