@Book{bf93,
  author = 	 {Bierman, H.S. and Fernandez, L.},
  title = 	 {Game Theory with Economic Applications},
  publisher = 	 {Addison-Wesley},
  year = 	 {1993}
}

@InCollection{lin94,
  author = 	 {Linial, N.},
  title = 	 {Game Theoretic Aspects of Computing},
  booktitle =    {Handbook of Game Theory with Economic Applications},
  volume =       {2},
  chapter = 	 {38},
  publisher = 	 {Elsevier Science},
  year = 	 {1994},
  editor = 	 {Aumann, R. J. and Hart, S.},
  pages = 	 {1339 - 1395}
}
