@STRING{acmdbtrans = {ACM Transactions on Database Systems}}
@STRING{acmcomms = {Communications of the ACM}}
@STRING{jlp = {Journal of Logic Programming}}
@STRING{ml = {Machine Learning}}
@STRING{jar=  {Journal of Automated Reasoning}}
@STRING{kade=  {IEEE Transactions on Knowledge and Data Engineering}}
@STRING{jacm = {Journal of the ACM}}
@STRING{mit = {MIT Press}}
@STRING{ox = {Oxford Science Publications}}
@STRING{f = {W. H. Freeman}}
@STRING{spv = {Springer--Verlag}}
@STRING{adw = {Addison--Wesley}}
@STRING{cam = {Cambridge University Press}}



@InProceedings{fla97,
  author = 	 {Flach, P.},
  title = 	 {Normal Forms for Inductive Logic Programming},
  booktitle = 	 {Inductive Logic Programming, 7th International Workshop, ILP-97},
  editor = 	 {Lavrac, N. and Dzeroski, S. },
  number = 	 {1297},
  series = 	 {Lecture Notes in Computer Science},
  year = 	 {1997},
  publisher = spv,
  pages = 	 {149 - 156}
}

@Article{da98,
  author = 	 {de Mantaras, R. L. and Armengol, E.},
  title = 	 {Machine Learning from Examples: Inductive and Lazy Methods},
  journal = 	 {Data \& Knowledge Engineering},
  year = 	 {1998},
  volume = 	 {25},
  pages = 	 {99-123}
}

@InProceedings{man97b,
  author =       "Heikki Mannila",
  title =        "Inductive Databases and Condensed Representations for
                 Data Mining",
  pages =        "21--32",
  ISBN =         "0-262-63180-6",
  editor =       "Jan Ma{\l}uszy{\'n}ski",
  booktitle =    "Proceedings of the International Symposium on Logic
                 Programming ({ILPS}-97)",
  month =        oct # "13--16~",
  publisher =    "MIT Press",
  address =      "Cambridge",
  year =         "1997",
}


@Article{Mug94, 
 author = "S. Muggleton", 
 title  = "Inductive logic programming: derivations, successes and shortcomings.", 
 journal = "SIGART Bulletin", 
 volume  = "5", 
 number  = "1", 
 pages   =  "5--11", 
 month   =  jan, 
 year    = "1994", 

} 

@InProceedings{mug96,
  author = 	 {S. Muggleton},
  title = 	 {Learning from positive data},
  booktitle = 	 {Proceedings of the Sixth Inductive Logic Programming
       Workshop},
  year = 	 {1996},
  pages = 	 {225-244}
}

@Article{mdr94,
  author = 	 {S. Muggleton and L. De Raedt },
  title = 	 {Inductive logic programming: Theory and methods},
  journal = 	 {Journal of Logic Programming},
  year = 	 {1994},
  volume = 	 {19},
  number = 	 {20},
  pages = 	 {629--679}
}

@book{bg96,
	author = {Bergadano, F. and Gunetti, D.},
	title = {Inductive Logic Programming},
	publisher = mit,
	year = {1996}	}

@book{ilp92,
	editor = {Muggleton, S.},
	title =  {Inductive Logic Programming},
        volume = 1,
	publisher = {Academic Press},
	year = {1992}}

@inbook{fla92,
	crossref = {ilp92},
	title = {A framework for inductive logic programming},
	author = {Flach, P.A. },
	pages = {193 - 211}}

@inbook{fen92,
	crossref = {ilp92},
	title = {Inducing Temporal Fault Diagnosis Rules from a 
Qualitative model},
	author = {Feng, C. A. },
	pages = {473-494}}


@Inbook{dze96,
  author = 	 {D\v{z}eroski, S.},
  title = 	 {Inductive Logic Programming and knowledge discovery in databases},
  pages = {118 - 152 } ,
  crossref =  {kdd96}}

