@STRING{acmdbtrans = {ACM Transactions on Database Systems}}
@STRING{acmcomms = {Communications of the ACM}}
@STRING{jlp = {Journal of Logic Programming}}
@STRING{ml = {Machine Learning}}
@STRING{jar=  {Journal of Automated Reasoning}}
@STRING{kade=  {IEEE Transactions on Knowledge and Data Engineering}}
@STRING{jacm = {Journal of the ACM}}


@article{imi91,
	author = {Imielinski, T.},
	title =  {Abstraction in query processing},
	journal  = jacm,
	volume =  {38},
	number =  {3},
	pages = {534 - 558},
	year = {1991}}


@InProceedings{ler86,
  author = 	 {Lerat, N.},
  title = 	 {Query Processing in Incomplete Logical Databases},
  booktitle = 	 {International Conference on Database Theory (ICDT '86), Rome, Italy, September 8-10, 1986, Proceedings},  
  editor = 	 {Ausiello, G.  and  Atzeni, P.},
  series = 	 {Lecture notes in computer science},
  volume =       {243},
  year = 	 {1986},
  publisher = {Springer-Verlag},
  pages = 	 {260 - 277}
}

@TechReport{kle98,
  author = 	 {Klein, H.-J.},
  title = 	 {On the use of marked nulls for the evaluation of queries agaisnt incomplete relational databases},
  institution =  {Informatik u. Prakt. Mathematik, Kiel},
  year = 	 {1998},
  number = 	 {9802},
  note = 	 {submitted to FomLado '98}
}

@article{lip79,
	author = {Lipski, W.},
	title =  {On Semantic Issues Connected with Incomplete Information Databases},
	journal  = acmdbtrans,
	volume =  {4},
	number =  {3},
	pages = {261 -- 296},
	year = {1979}}


@article{il84,
	author = {Imielinski, T. and Lipski, W.},
	title =  {Incomplete Information in Relational Databases},
	journal  = jacm,
	volume =  {31},
	number =  {4},
	pages = {761 -- 791},
	year = {1984}}


@InProceedings{gra89,
  author = 	 {Grahne, G.},
  title = 	 {Horn Tables - An Efficient Tool for Handling Incomplete Information in Databases},
  booktitle = 	 {Proceedings of the Eighth {ACM} {SIGACT}-{SIGMOD} Symposium on Principles of Database Systems ({PODS} '89)},
  year = 	 {1989},
  pages = 	 {75 - 82}
}


@InProceedings{yc89,
  author = 	 {Yuan , L. and Chiang, D.},
  title = 	 {A Sound and Complete Query Evaluation Algorithm for Relational Databases with Disjunctive Information},
  booktitle = 	 {Proceedings of the Eighth {ACM} {SIGACT}-{SIGMOD} Symposium on Principles of Database Systems ({PODS} '89)},
  year = 	 {1989},
  pages = 	 {66 - 74}
}


@InProceedings{iv89,
  author = 	 {Imielinski, T. and Vadaparty, K.},
  title = 	 {Complexity of Query Processing in Databases with {OR}-objects},
  booktitle = 	 {Proceedings of the Eighth {ACM} {SIGACT}-{SIGMOD} Symposium on Principles of Database Systems ({PODS} '89)},
  year = 	 {1989},
  pages = 	 {51 - 65}
}

