@STRING{acmdbtrans = {ACM Transactions on Database Systems}}
@STRING{acmcomms = {Communications of the ACM}}
@STRING{jlp = {Journal of Logic Programming}}
@STRING{ml = {Machine Learning}}
@STRING{dam = {Discrete Applied Mathematics}}
@STRING{jar=  {Journal of Automated Reasoning}}
@STRING{kade=  {IEEE Transactions on Knowledge and Data Engineering}}
@STRING{jacm = {Journal of the ACM}}
@STRING{jcss = {Journal of Computer and System Sciences}}



@Article{sou98,
  author = 	 {Soutou, C.},
  title = 	 {Relational Database reverse engineering: Algorithms to extract cardinality constraints},
  journal = 	 {Data \& Knowledge Engineering},
  year = 	 {1998},
  volume = 	 {28},
  pages = 	 {161-207}
}

@Article{hon82,
  author = 	 {Honeyman, P.},
  title = 	 {Testing Satisfaction of Functional Dependencies},
  journal = 	 jacm,
  year = 	 {1982},
  volume = 	 {29},
  number = 	 {3},
  pages = 	 {668-677}
}

@Article{lew93,
  author = 	 {Liddle, S. W. and Embley, D. W. and Woodfield, S. N.},
  title = 	 {Cardinality constraints in semantic data models},
  journal = 	 {Data \& Knowledge Engineering},
  year = 	 {1993},
  volume = 	 {11},
  pages = 	 {235 - 270}
}

@inproceedings{cl94,
  title =       "On the Interaction between {ISA} and Cardinality Constraints",
  year =         "1994",
  author =       "Diego Calvanese and Maurizio Lenzerini",
  booktitle =    "Proc. of the 10th IEEE Int. Conf. on Data Engineering
(ICDE-94)",
  pages =        "204-213",
  publisher =    "IEEE Computer Society Press",
}


@Article{kan80,
  title =        "On the computational complexity of cardinality
                 constraints in relational databases",
  author =       "Paris C. Kanellakis",
  pages =        "98--101",
  journal =      "Information Processing Letters",
  year =         "1980",
  month =        "20~" # oct,
  volume =       "11",
  number =       "2",
}

