
@techreport{hcvusers92,
     AUTHOR = {X. Wu},  
     INSTITUTION = {University of Edinburgh},  
     NUMBER = {9},  
     TITLE = {HCV User's Manual (Release 1.0 June 1992)},  
     TYPE = {DAI Technical Paper},  
     YEAR = {1992}
}


@inproceedings{hcvalg1,
     ADDRESS = {U.S.A.},  
     AUTHOR = {X. Wu},  
     BOOKTITLE = {Proceedings of the 21st ACM
Computer Science Conference,},  
     EDITOR =  {S.C. Kwasny and J.F. Buck},  
     PAGES =  {168--175},  
     PUBLISHER = {ACM Press},  
     TITLE = {The HCV Induction Algorithm},  
     YEAR = {1993}
}

