@STRING{jlp = {Journal of Logic Programming}}
@STRING{ml = {Machine Learning}}
@STRING{jar=  {Journal of Automated Reasoning}}
@STRING{kade=  {IEEE Transactions on Knowledge and Data Engineering}}
@STRING{jacm = {Journal of the ACM}}
@STRING{acminfsys =  {ACM Transactions on Information Systems}}
@STRING{cacm = {Communications of the ACM}}
@STRING{dmkd = {Data Mining and Knowledge Discovery}}
@STRING{spv = {Springer--Verlag}}
@STRING{ai = {Artificial Intelligence}}
@STRING{mit = {MIT Press}}


@InProceedings{ns96,
  author = 	 {Napoli, A. and Simon, A.},
  title = 	 {{KR} Meets {DB} for Data Mining},
  booktitle = 	 {Proceedings of the 3rd Workshop on Knowledge Representation meets Databases (KRDB-96)},
  series = 	 {CEUR-WS-4},
  year = 	 {1996},
  address = 	 {Budapest, Hungary},
  month = 	 {August 13}
}

@proceedings{knowdisc91,
	title =  {Knowledge Discovery in Databases},
	booktitle =  {Knowledge Discovery in Databases},
	year =  {1991},
	editor = {Piatetsky-Shapiro, G. and Frawley, W.J.},
	publisher  =  mit  }


@InProceedings{man96,
  author = 	 {Mannila, H.},
  title = 	 {Data mining: machine learning, statistics, and databases},
  booktitle = 	 {Proceedings of the 
Eight International Conference on Scientific and Statistical Database Management},
  year = 	 {1996},
  address = 	 {Stockholm},
  month = 	 {June}
}

@InProceedings{man97,
  author = 	 {Mannila, H.},
  title = 	 {Methods and Problems in Data Mining},
  booktitle = 	 {Database Theory - ICDT '97, 6th International Conference, Delphi, Greece, January 8-10, 1997, Proceedings},
  editor = 	 {F. Afrati and P. Kolaitis},
  pages  =       {41-55},
  volume =       {1186},
  series =       {Lecture Notes in Computer Science},
  year = 	 {1997}
}

@Article{chy97,
  author = 	 {M.-S. Chen and  J. Han and P.S. Y},
  title = 	 {Data Mining: An Overview from a Database Perspective},
  journal = 	 kade,
  year = 	 {1997}
}


@Article{hfk95,
  author = 	 {J. Han and  Y. Fu and  K. Koperski and  G. Melli and W. Wang and  O. R. Za\"{i}ane},
  title = 	 {Knowledge Mining in Databases:  An Integration of Machine Learning Methodologies with Database Technologies},
  journal = 	 {Canadian Artificial Intelligence},
  year = 	 {1995},
  month = 	 {October}
}


@Inbook{ba96,
  crossref =  {kdd96},
  author =       {Brachman, R. J. and Anand, T.},
  title =        {The process of knowledge discovery in databases},
  pages =        {37- 58 }
}



@techreport{hs94,
	author = {Holsheimer, M. and Siebes, A.P.J.M.},
	title =  {Data Mining: the search for knowledge in databases},
	institution  =  {Centrum voor Wiskunde en  Informatica},
	number  =  {9406},
	year = {1994}}



@article{km95,
	author = {Kivinen, J. and Mannila, H.},
	title =  {Approximate inference of functional dependencies from relations},
	journal  =  {Theoretical Computer Science},
	volume =  {149},
	number =  {1},
	pages = {129 - 149},
	year = {1995} }



@InProceedings{km94,
  author = 	 {Kivinen, J. and Mannila, H.},
  title = 	 {The Power of Sampling in Knowledge Discovery},
  booktitle = 	 {Proceedings of the thirteenth ACM SIGACT-SIGMOD-SIGART
Symposium on Principles of Database Systems (PODS '94)},
  year = 	 {1994},
  publisher = {ACM Press},
  pages = 	 {77-85}
}

@article{mr94,
	author = {Mannila, H. and R\"{a}ih\"{a}, K-J.},
	title =  {Algorithms for inferring functional dependencies from relations}, 
	journal  =  {Data \& Knowledge Engineering},
	volume =  {12},
	pages = {83 -- 99},
	year = {1994} }

@article{mr92,
	author = {Mannila, H. and R\"{a}ih\"{a}, K-J.},
	title =  {On the complexity of dependency inference},
	journal  =  {Discrete Applied Mathematics},
	volume =  {40},
	pages = {237 -- 243},
	year = {1992} }

@article{mr86,
	author = {Mannila, H. and R\"{a}ih\"{a}, K-J.},
	title =  {Design by Example: An Application of {A}rmstrong Relations},
	journal  =  {Journal of Computer and System Sciences},
	volume =  {33},
	pages = {126 -- 141},
	year = {1986} }

@inproceedings{oleary91,
	crossref = {knowdisc91},
	author = {O'Leary, D. E. },
	title = {Knowledge discovery as a threat to database security},
	pages = {507--516}  }

@inproceedings{gaines91,
	crossref = {knowdisc91},
	author = {Gaines, B. R.},
	title = {The Trade-Off between knowledge and data in knowledge acquisition},
	pages = {491--505}  }

@article{Sim91,
	author = {Simon, H. A.},
	title = {Artificial Intelligence: Where has it been, and where is it going?},
	journal = kade,
	volume = {3},
	number = {2},
	pages = {128- 136},
	year = {1991} }



@InProceedings{fps96b,
  author =       {Fayyad, U. and Piatetsky-Shapiro, G and Smyth, P.},
  title =        {Knowledge Discovery and Data Mining: Towards a Unifying Framework},
  booktitle =    {Proceedings of the Second International Conference on Knowledge Discovery and Data Mining (KDD-96)},
  editor =       {Simoudis, E. and Han, J. and Fayyad, U.},
  year =         {1996},
  publisher = {AAAI Press},
  address =      {Portland, Oregon},
  pages =        {82 - 87}
}



@Article{fps96,
  author = 	 {Fayyad, U. and Piatetsky-Shapiro, G and Smyth, P.},
  title = 	 {The {KDD} process for extracting useful knowledge from
volumes of data},
  journal = 	 cacm,
  year = 	 {1996},
  volume = 	 {39},
  number = 	 {11},
  month = 	 {November},
  pages = 	 {27-34}
}


@Article{fu96,
  author = 	 {Fayyad, U. and Uthurusamy, R.},
  title = 	 {Editorial},
  journal = 	 cacm,
  year = 	 {1996},
  volume = 	 {39},
  number = 	 {11},
  month = 	 {November},
  pages = 	 {25-26}
}

@Article{gmp96,
  author = 	 {Glymour, C. and Madigan, D. and Pregibon, D. and Smyth, P.},
  title = 	 {Statistical Inference and Data Mining},
  journal = 	 cacm,
  year = 	 {1996},
  volume = 	 {39},
  number = 	 {11},
  month = 	 {November},
  pages = 	 {35-41}
}


@Article{gmp97,
  author = 	 {Glymour, C. and Madigan, D. and Pregibon, D. and Smyth, P.},
  title = 	 {Statistical Themes and Lessons for Data Mining},
  journal = 	 dmkd,
  year = 	 {1997},
  volume = 	 {1},
  number = 	 {1},
  pages = 	 {11-28}
}

@Article{bkk96,
  author = 	 {Brachman, R. J. and Khabaza, T. and Kloesgen, W. and
Piatetsky-Shapiro, G. and Simoudis, E.},
  title = 	 {Mining Business Databases},
  journal = 	 cacm,
  year = 	 {1996},
  volume = 	 {39},
  number = 	 {11},
  month = 	 {November},
  pages = 	 {42-48}
}


@Article{fhs96,
  author = 	 {U. Fayyad and D. Haussler and Stolorz, P.},
  title = 	 {Mining Scientific Data},
  journal = 	 cacm,
  year = 	 {1996},
  volume = 	 {39},
  number = 	 {11},
  month = 	 {November},
  pages = 	 {51-57}
}
@Article{im96,
  author = 	 {Imielinski, T. and Mannila, H.},
  title = 	 {A Database perspective on Knowledge Discovery},
  journal = 	 cacm,
  year = 	 {1996},
  volume = 	 {39},
  number = 	 {11},
  month = 	 {November},
  pages = 	 {58-64}
}




@Article{etz96,
  author = 	 {Etzioni, O.},
  title = 	 {The World-Wide Web: Quagmire or Gold Mine?},
  journal = 	 cacm,
  year = 	 {1996},
  volume = 	 {39},
  number = 	 {11},
  month = 	 {November},
  pages = 	 {65-68}
}


@Book{kdd96,
  title = 	 {Advances in Knowledge Discovery and Data Mining},
  publisher = 	 mit,
  year = 	 {1996},
  editor = 	 {Fayyad, U. M. and Piatetsky-Shapiro, G. and Smyth, P.
and Uthurusamy, R.}
}

