@STRING{mit = {MIT Press}}
@STRING{spv = {Springer--Verlag}}
@STRING{adw = {Addison--Wesley}}
@STRING{ox = {Oxford Science Publications}}
@STRING{f = {W. H. Freeman}}
@STRING{cam = {Cambridge University Press}}
@STRING{siam = {SIAM Review}}


@InCollection{day93,
  author = 	 {Day, A.},
  title = 	 {A lattice interpretation of database dependencies},
  booktitle = 	 {Semantics of Programming Languages and Model Theory},
  publisher = {Gordon and Breach},
  year = 	 {1993},
  editor = 	 {Droste, M. and Gurevich, Y.},
  pages = 	 {305 - 324}
}

@Article{day92,
  author = 	 {Day, A.},
  title = 	 {The lattice theory of functional dependencies and normal decomposition},
  journal = 	 {International Journal of Algebra and Computation},
  year = 	 {1992},
  pages = 	 {409 - 431}
}

@Article{bdk87,
  author = 	 {Burosch, G. and Demetrovics, J. and Katona, G.O.H.},
  title = 	 {The {POSET} of Closures as a Model of Changing Databases},
  journal = 	 {Order},
  year = 	 {1987},
  volume = 	 {4},
  pages = 	 {127 - 142}
}

@Book{dp90,
  author = 	 {Davey, B.A. and Priestly, H.A. },
  title = 	 {Introduction to Lattices and Order},
  publisher = 	 cam,
  year = 	 {1990},
  address = 	 {Cambridge, U.K.}
}


@article{lev95,
	author = {Levene, M.},
	title =  {A Lattice View of Functional Dependencies in Incomplete Relations},
	journal  = {Acta Cybernetica},
	volume =  {12},
	pages = {181 -- 207},
	year = {1995}}

@article{DLM92,
	author = {Demetrovics, J. and  Libkin, L. and Muchnik, I.},
	title =  {Functional dependencies in relational databases: A lattice point of view},
	journal  = dam,
	volume =  {40},
	pages = {155 -- 185},
	year = {1992}}
