@STRING{mit = {MIT Press}}
@STRING{spv = {Springer--Verlag}}
@STRING{adw = {Addison--Wesley}}
@STRING{ox = {Oxford Science Publications}}
@STRING{f = {W. H. Freeman}}
@STRING{cam = {Cambridge University Press}}
@STRING{siam = {SIAM Review}}
@STRING{ml = {Machine Learning}}
@STRING{jar=  {Journal of Automated Reasoning}}
@STRING{kade=  {IEEE Transactions on Knowledge and Data Engineering}}
@STRING{jacm = {Journal of the ACM}}
@STRING{cacm = {Communications of the ACM}}
@STRING{ai = {Artificial Intelligence}}




@InProceedings{gkm97,
  author = 	 {Gunopulos, D. and Khardon, R. and  Mannila, H. and Toivonen, H. },
  title = 	 {Data mining, hypergraph transversals, and machine learning},
  booktitle = 	 {Proceedings of the Sixteenth ACM  SIGACT-SIGMOD-SIGART Symposium on Principles of Database Systems (PODS'97), Tucson, Arizona, May 1997},
  year = 	 {1997},
  publisher = {ACM Press},
  pages = 	 {209 -216}
}

@Misc{bkm98,
  author = 	 {Blake, C. and Keogh, E. and Merz, C. J.},
  title = 	 {{UCI} Repository of machine learning databases},
  howpublished = {http://www.ics.uci.edu/$\sim$mlearn/MLRepository.html, University of California, Irvine, Dept. of Information and Computer Sciences},
  year = 	 {1998}
}


@Article{ksd96,
  author = 	 {Kohavi, R. and Sommerfield, D. and Dougherty, J.},
  title = 	 {Data Mining using {MLC}++},
  journal = 	 {Tools with AI 1996},
  year = 	 {1996},
  pages = 	 {234 - 245 }
}



@Article{die96,
  author = 	 {Dietterich, T. G},
  title = 	 {Statistical Tests for Comparing Supervised Classification Learning Algorithms},
  journal = 	 {submitted},
  year = 	 {1996}
}

@article{bsho93,
  author = 	 {N. H. Bshouty},
  title = 	 {Exact Learning Boolean Functions via the Monotone theory},
  journal = 	 {Information and Computation},
  year = 	 {1995},
  volume = 	 {123},
  number = 	 {1},
  pages = 	 {146 - 153}
}

@article{quin86,
	author = {Quinlan, J. R.},
	title =  {Induction of Decision Trees},
	journal  = ml,
	volume =  {1},
	number =  {1},
	pages = {81 - 106},
	year = {1986}}

@article{quin90,
	author = {Quinlan, J. R.},
	title =  {Learning Logical Definitions from Relations},
	journal  = ml,
	volume =  {5},
	number =  {3},
	pages = {239 - 266},
	year = {1990}}


@book{ab92,
	author = {Anthony, M. and Biggs, N.},
	title = {Computational Learning Theory},
	publisher = cam,
	series = {Cambridge Tracts in Theoretical Computer Science -- 30},
	year = {1992},
	address = {Cambridge, England}}


@book{kea90,
	author = {Kearns, M. J.},
	title = {The Computational Complexity of Machine Learning},
	publisher = mit,
	year = {1990}
}

@article{dedlearn,
	author = {Valiant, L. G.},
	title =  {Deductive Learning},
	journal  = {Philosophical Transactions of the Royal Society of London},
	volume =  {312a},
	pages = {441 - 447},
	year = {1984 } }

@article{val84,
	author = {Valiant, L. G.},
	title =  {A Theory of the Learnable},
	journal  = cacm,
	volume =  {27},
	number = {11},
	pages = {1134 - 1142},
	year = {1984 } }


@inproceedings{amst88,
	author = {Amsterdam, J.},
	title = {A critique of {V}aliant's Learning model},
	booktitle = {{AAAI} proceedings},
	year = 1988,
	pages = {580 - 585}}



@InProceedings{ang92,
  author = 	 {Angluin, D.},
  title = 	 {Computational Learning Theory: Survey and Select Bibliography},
  booktitle = 	 {Proceedings of the Twenty-fourth Annual {ACM} Symposium on the theory of computing},
  year = 	 {1992},
  address = 	 {Victoria, Canada},
  pages = 	 { 351 - 369}
}

@article{ang87,
	author = {Angluin, D.},
	title = { Learning Regular Sets from Queries and Counterexamples},
	journal = {Information and Computation},
	volume = 75,
        number = {2},
	pages = {87 -- 106},
	year = {1987} }


@article{ang88,
	author = {Angluin, D.},
	title =  {Queries and Concept Learning},
	journal  = ml,
	volume =  {2},
	pages = {319 - 342},
	year = {1988} }



@proceedings{ecml93,
	title =  {Machine Learning  -  European Conference on Machine Learning},
	booktitle =  {Lecture Notes in Artificial Intelligence 667},
	year =  {1993},
	editor = {Brazdil, P. B. },
	publisher  =  spv  }

@inproceedings{bre93,
	crossref = {ecml93},
	author = {Brezellec, P. and Soldano, H. },
	title = {{SAMIA}: A Bottom-Up Learning Method using a Simulated Annealing Algorithm},
	pages = {297--309}  }

@proceedings{ecml95,
	title =  {Machine Learning  -  European Conference on Machine Learning},
	booktitle =  {Lecture Notes in Artificial Intelligence 912},
	year =  {1995},
	editor = {Laurac, N. and Wrobel, S. },
	publisher  =  spv  }

@inproceedings{dimo95,
	crossref = {ecml95},
	author = {Dimopoulos, Y. and Kakis, A. },
	title = {Learning Non-Monotonic Logic Programs: Learning Exceptions},
	pages = {122--137}  }

@article{afp92,
	author = {Angluin, D. and Frazier, M. and Pitt, L.},
	title =  {Learning Conjunctions of {H}orn Clauses},
	journal  = ml,
	volume =  {9},
	pages = {147 - 164},
	year = {1992} }


@article{ad94,
	author = {Almuallim, H. and Dietterich, T. G.},
	title =  {Learning {B}oolean concepts in the presence of many  irrelevant features},
	journal  = ai,
	volume =  {69},
        number = {1-2},
	pages = {279 - 305},
	year = {1994} }

@PhdThesis{khar96,
  author = 	 {Khardon, R.},
  title = 	 {Learning to be Competent},
  school = 	 {Harvard University},
  year = 	 {1996},
  address = 	 {Cambridge, Massachusetts}
}

@PhdThesis{roth95,
  author = 	 {Roth, D.},
  title = 	 {Learning to in order to reason},
  school = 	 {Harvard University},
  year = 	 {1995},
  address = 	 {Cambridge, Massachusetts}
}

@techreport{kmr95,
	author = {Khardon, R. and Mannila, H. and Roth, D. },
	title =  {Reasoning with Examples: Propositional Formulae and Database Dependencies},
	institution  =  { Centre for Research in Computing Technology, Harvard University },
	number = { TR-15-95},
	address = {Cambridge, MA, U.S.A },
	year = {1995}}


@InProceedings{dt93,
  author = 	 {Dzeroski, S. and Todorovski, L.},
  title = 	 {Discovering Dynamics},
  booktitle = 	 {Machine Learning - Proceedings of the tenth international conference},
  year = 	 {1993},
  pages = 	 {97 - 103}
}
