@STRING{jlp = {Journal of Logic Programming}}
@STRING{jcss = {Journal of Computer and System Sciences}}
@STRING{ml = {Machine Learning}}
@STRING{jar=  {Journal of Automated Reasoning}}
@STRING{kade=  {IEEE Transactions on Knowledge and Data Engineering}}
@STRING{jacm = {Journal of the ACM}}
@STRING{acms = {ACM Computing Surveys}}
@STRING{acminfsys =  {ACM Transactions on Information Systems}}
@STRING{tods =  {ACM Transactions on Database Systems}}
@STRING{tcs =  {Theoretical Computer Science}}
@STRING{spv = {Springer--Verlag}}
@STRING{ai = {Artificial Intelligence} }




@Article{hoo78,
  author = 	 {Hoover, D. N.},
  title = 	 {Probability Logic},
  journal = 	 {Annals of Mathematical Logic},
  year = 	 {1978},
  volume = 	 {14},
  pages = 	 {287 - 313}
}

@Article{avv95,
  author = 	 {Abiteboul, S. and Vardi, M. Y. and Vianu, V.},
  title = 	 {Computing with Infinitary Logic},
  journal = 	 tcs,
  year = 	 {1995},
  volume = 	 {149},
  pages = 	 {101-128}
}

@InProceedings{fag90,
  author = 	 {Fagin, R.},
  title = 	 {Finite Model Theory - A Personal Perspective},
  booktitle = 	 {ICDT '90 : Third International Conference on Database Theory},
  editor = 	 {S. Abiteboul and Kanellakis , P. C.},
  number = 	 {470},
  series = 	 {Lecture notes in computer science},
  year = 	 {1990},
  publisher = {Springer-Verlag},
  pages = 	 {3-24}
}

@TechReport{ros95,
  author = 	 {Rosen, E.},
  title = 	 {Modal Logic over Finite Structures},
  institution =  {University of Amsterdam},
  year = 	 {1995},
  number = 	 {ML-95-08}
}

@InProceedings{ale97,
  author = 	 {Alechina, N.},
  title = 	 {Semi-structured Information: a modal logic approach},
  booktitle = 	 {Workshop of Database Theory, 9th European Summer School on Logic, Language and Information},
  year =         {1997}
}


@InProceedings{hr83,
  title =        "A Logic to Reason about Likelihood",
  author =       "Joseph Y. Halpern and Michael O. Rabin",
  pages =        "310--319",
  booktitle =    "Proceedings of the Fifteenth Annual {ACM} Symposium on
                 Theory of Computing",
  month =        "25--27 April",
  year =         "1983",
  address =      "Boston, Massachusetts",
}

@Article{hal92,
  author =       "Halpern, J. and Moses, Y.",
  title =        "A guide to completeness and complexity for modal
                 logics of knowledge and belief",
  journal =      ai,
  volume =       "54",
  year =         "1992",
  pages =        "319--379",
}


@Article{ll95c,
  author = 	 {Levene, M. and Loizou, G.},
  title = 	 {A correspondence between variable relations and three-valued propositional logic},
  journal = 	 {International Journal of Computer Mathematics},
  year = 	 {1995},
  volume = 	 {55},
  pages = 	 {29-38}
}

@article{dp92,
	author = {Dechter, R. and Pearl, J. },
	title =  {Structure Identification in relational data},
	journal  =  ai,
	volume = {58},
	pages = {237 270},
	year = {1992}	}


@article{qualans86,
	author = {Vasey, P.},
	title =  {Qualified Answers and Their Applications to Transformation},
	journal  = {Lecture Notes in Computer Science 225: Proceedings of the Third International Conference on Logic Programming},
	volume =  {2},
	pages = {425 - 432},
	year = {1986} }

@proceedings{tapsoft87,
	title = {Proceedings of International Joint Conference on Theory and
 Practice of Software Development}, 
	booktitle = {Proceedings of International Joint Conference on Theory 
and Practice of Software Development}, 
	editor = {Rogers, M.},
	year = {1987} }
	
@unpublished{sergot90,
	author = {Sergot, M.},
	title = {Negation in Logic Programs and Deductive Databases},
	year = {1990},
	note = {given out as part of my deductive database course}}

@Book{vel94,
  author = 	 {Velleman, D. J.},
  title = 	 {How to Prove It},
  publisher = 	 {Cambridge University Press},
  year = 	 {1994}
}

@Article{tar54,
  author = 	 {Tarski, A.},
  title = 	 {Contribution to the Theory of Models I},
  journal = 	 {Indag. Math},
  year = 	 {1954},
  volume = 	 {16},
  pages = 	 {572 - 588}
}

