@STRING{jlp = {Journal of Logic Programming}}
@STRING{jcss = {Journal of Computer and System Sciences}}
@STRING{ml = {Machine Learning}}
@STRING{jar=  {Journal of Automated Reasoning}}
@STRING{kade=  {IEEE Transactions on Knowledge and Data Engineering}}
@STRING{jacm = {Journal of the ACM}}
@STRING{acms = {ACM Computing Surveys}}
@STRING{acminfsys =  {ACM Transactions on Information Systems}}
@STRING{tods =  {ACM Transactions on Database Systems}}
@STRING{spv = {Springer--Verlag}}
@STRING{ai = {Artificial Intelligence} }


@Article{egm97,
  author = 	 {Eiter, T. and Gottlob, G. and Mannila, H.},
  title = 	 {Disjunctive Datalog},
  journal = 	 tods,
  year = 	 {1997},
  volume = 	 {22},
  number = 	 {3},
  pages = 	 {364 - 418}
}

@Article{cgt89,
  author = 	 {Ceri, S. and Gottlob, G. and Tanca, L.},
  title = 	 {What you always wanted to know about Datalog (and never dared to ask)},
  journal = 	 kade,
  year = 	 {1989},
  volume = 	 {1},
  number = 	 {1},
  pages = 	 {146 - 166}
}


@Article{gmn84,
  author = 	 {Gallaire, H. and Minker, J. and Nicolas, J-M.},
  title = 	 {Logic and Databases: A Deductive Approach},
  journal = 	 acms,
  year = 	 {1984},
  volume = 	 {16},
  number = 	 {2},
  pages = 	 {153 - 186}
}


@Article{dl94,
  author = 	 {Dong, F. and Lakshmanan, L. V. S.},
  title = 	 {Intuitionistic interpretation of deductive databases with
incomplete information},
  journal = 	 {Theoretical Computer Science},
  year = 	 {1994},
  volume = 	 {133},
  pages = 	 {267 - 306}
}

@InProceedings{rss92,
  author = 	 {Ramakrishnan, R. and  Srivastava, D. and Sudarshan, S.},
  title = 	 {{CORAL} - Control, Relations and Logic},
  booktitle = 	 {Proceedings of the 18th VLDB Conference},
  year = 	 {1992},
  editor =       {Yuan, L-Y},
  pages = 	 {238 - 250},
  address = 	 {Vancouver, British Columbia, Canada},
  publisher =    {Morgan Kaufmann}
}


@article{kc95,
	author = {Kong, Q. and Chen, G.},
	title =  {On Deductive Databases with Incomplete Information},
	journal  = acminfsys,
	volume =  {13},
	number =  {3},
	pages = {354 -- 369},
	month = {jul},
	year = {1995}}

@article{ru95,
	author = {Ramakrishnan,  R. and Ullman, J.D.},
	title =  {A Survey of Deductive Database-Systems},
	journal  = jlp,
	volume =  {23},
	number =  {2},
	pages = {125 -- 149},
	year = {1995}}

@article{si94,
	author = {Sakama, C. and Inoue, K.},
	title =  {An Alternative Approach to the Semantics  of Disjunctive Logic Programs and Deductive Databases},
	journal  = jar,
	volume =  {13},
	number =  {1},
	pages = {145 - 172},
	year = {1994}}

@article{ykh92,
	author = {Youn, C. and Kim, H-J. and Henschen, L. J. and Han, J.},
	title =  {Classification and Compilation of Linear Recursive Queries in Deductive Databases},
	journal  = kade,
	volume =  {5},
	number = {4},
	pages = {705 - 712},
	year = {1992}}
