@STRING{jlp = {Journal of Logic Programming}}
@STRING{ml = {Machine Learning}}
@STRING{jar=  {Journal of Automated Reasoning}}
@STRING{fac=  {Formal Aspects of Computing}}
@STRING{kade=  {IEEE Transactions on Knowledge and Data Engineering}}
@STRING{jacm = {Journal of the ACM}}
@STRING{acminfsys =  {ACM Transactions on Information Systems}}
@STRING{spv = {Springer--Verlag}}
@STRING{ai = {Artificial Intelligence} }



@InProceedings{pnu77,
  author = 	 {Pnueli, A.},
  title = 	 {The Temporal Logic of Programs},
  booktitle = 	 {Proceedings 18th Annual IEEE Symposium on Foundations of Computer Science},
  year = 	 {1977},
  pages = 	 {46-57}
}

@Article{all84,
  author = 	 {Allen, J. F.},
  title = 	 {Towards a General Theory of Action and Time},
  journal = 	 ai,
  year = 	 {1984},
  volume = 	 {23},
  pages = 	 {123-154}
}

@Book{ghr94,
  author = 	 {Gabbay, D. M. and Hodkinson, I. and Reynolds, M.},
  title = 	 {Temporal Logic - Mathematical Foundations and Computational Aspects},
  publisher = 	 {Oxford University Press},
  year = 	 {1994},
  number = 	 {28},
  series = 	 {Oxford Logic Guides}
}

@InProceedings{gps80,
  author = 	 {Gabbay, D. and Pnueli, A. and Shelah, S. and Stavi, J.},
  title = 	 {On the temporal analysis of fairness},
  booktitle = 	 {Proceedings of the ACM Symposium on Principles of Programming Languages},
  year = 	 {1980},
  pages = 	 {163 - 173}
}

@Article{sis94,
  author = 	 {Prasad-Sistla, A.},
  title = 	 {Safety, Liveness and Fairness in Temporal Logic},
  journal = 	 fac,
  year = 	 {1994},
  volume = 	 {6},
  number = 	 {5},
  pages = 	 {495 - 511}
}

@Book{gol92,
  author = 	 {R. Goldblatt},
  title = 	 {Logics of Time and Computation},
  publisher = 	 {Center for the Study of Language and Information},
  year = 	 {1992},
  series = 	 {Lecture Notes No. 7},
  edition = 	 {Second}
}


@InCollection{eme90,
  author = 	 {Emerson, E. A.},
  title = 	 {Temporal and Modal Logic},
  booktitle =    {Formal Models and Semantics},
  series  = 	 {Handbook of Theoretical Computer Science},
  publisher = {Elsevier Science},
  year = 	 {1990},
  editor = 	 {van Leeuwen, J.},
  volume = 	 {B},
  pages = 	 {995 - 1072}
}

@InCollection{bau92,
  author = 	 {Baudinet, M.},
  title = 	 {A simple proof of the completeness of temporal logic programming},
  booktitle = 	 {Intensional Logics for Programming},
  publisher = {Oxford Science Publications, Clarendon Press},
  year = 	 {1992},
  editor = 	 {del CERRO, L. F. and Penttonen, M.},
  volume = 	 {1},
  series = 	 {Studies in Logic and Computation},
  pages = 	 {51 - 83}
}

@InCollection{ow92,
  author = 	 {Orgun, M. A. and Wadge, W. W.},
  title = 	 {Theory and Practice of temporal logic programming},
  booktitle = 	 {Intensional Logics for Programming},
  publisher = {Oxford Science Publications, Clarendon Press},
  year = 	 {1992},
  editor = 	 {del CERRO, L. F. and Penttonen, M.},
  volume = 	 {1},
  series = 	 {Studies in Logic and Computation},
  pages = 	 {23 - 50}
}
