@STRING{jlp = {Journal of Logic Programming}}
@STRING{jcss = {Journal of Computer and System Sciences}}
@STRING{ml = {Machine Learning}}
@STRING{jar=  {Journal of Automated Reasoning}}
@STRING{kade=  {IEEE Transactions on Knowledge and Data Engineering}}
@STRING{jacm = {Journal of the ACM}}
@STRING{acms = {ACM Computing Surveys}}
@STRING{acminfsys =  {ACM Transactions on Information Systems}}
@STRING{tods =  {ACM Transactions on Database Systems}}
@STRING{spv = {Springer--Verlag}}
@STRING{ai = {Artificial Intelligence} }


@Article{hen94,
  author = 	 {Hendler, J.},
  title = 	 {Beyond the Fifth Generaton: Parallel AI Research in Japan},
  journal = 	 {IEEE Expert},
  year = 	 {1994},
  volume = 	 {9},
  number = 	 {1},
  month = 	 {February},
  pages = 	 {2-7}
}

@Article{dds95,
  author = 	 {Denecker, M. and De Schreye, D.},
  title = 	 {Representing incomplete knowledge in abductive logic programming},
  journal = 	 {Journal of Logic and Computation},
  year = 	 {1995},
  volume = 	 {5},
  number = 	 {5},
  pages = 	 {553-577}
}

@InCollection{hod93,
  author = 	 {Hodges, W.},
  title = 	 {Logical features of {H}orn clauses},
  booktitle = 	 {Handbook of Logic in Artificial Intelligence and Logic
  Programming -- Logical Foundations},
  publisher = {Clarendon Press},
  year = 	 {1993},
  volume = 	 {1},
  address = 	 {Oxford},
  pages = 	 {449-503}
}

@Article{kow84,
  author = 	 {Kowalski, R. A.},
  title = 	 {The relation between logic programming and logic specification},
  journal = 	 {Philosophical Transactions of the Royal Society of London},
  year = 	 {1984},
  volume = 	 {A},
  number = 	 {312},
  pages = 	 {345-361}
}

@techreport{khar95,
	author = {Khardon, R. },
	title =  {Translating between {H}orn Representations and their Characteristic Models},
	institution  =  { Centre for Research in Computing Technology, Harvard University },
	number = { TR-03-95},
	address = {Cambridge, MA, U.S.A },
	year = {1995}}

@article{kks95,
	author = {Kautz, H. and Kearns, M. and Selman, B. },
	title =  {{H}orn Approximations of empirical data},
	journal  =  ai,
	volume = {74},
	pages = {129 - 145},
	year = {1995}	}


@article{vek76,
	author = {Van  Emden, M. H. and Kowalski, R. A.},
	title =  {The Semantics of Predicate Logic as a Programming Language},
	journal  = jacm,
	volume =  {23},
	number = {4},
	pages = {733 - 742},
	year = {1976}}

@article{nafshep,
	author = {Shepherdson, J.C.},
	title =  {Negation as Failure: A Comparison of {C}lark's Completed Data Base and {R}eiter's 
Closed World Assumption},
	journal  = jlp,
	volume =  {1},
	pages = {51-79},
	year = {1984}}

@article{nafshep2,
	author = {Shepherdson, J.C.},
	title =  {Negation as Failure {II}},
	journal  = jlp,
	volume =  {2},
	pages = {185  - 202},
	year = {1985}}

@inproceedings{barbuti87,
	crossref = {tapsoft87},
	author  = {Barbuti, R. and Mancarella, P. and Pedreschi, D. and Turini, F.},
	title = {Intensional Negation of Logic Programs: examples and implementation techniques},
	pages = {96--110}}

@inproceedings{constneg,
	author = {Chan, D.},
	title = {Constructive Negation Based on the Completed Database},
	booktitle = {Logic Programming: Proceedings of the Fifth International Conference 
and Symposium},
	year = {1988},
	editor = {Kowalski, R. A. and Bowen, K.A.},
	address = {Seattle, USA},
	pages  = {111-125} }


@techreport{induct87,
	author = {Kanamori, T. and Fujita, H. },
	title =  {Formulation of Induction Formulas in Verification of {P}rolog Programs},
	institution  =  {ICOT},
	number  = {094},
	year = {1987},
	note = {used during my MSc project}}

@article{compdca88,
	author = {Mancarella, P. and Martini, S. and Pedreschi, D.},
	title =  {Complete Logic Programs with Domain-Closure Axiom},
	journal  = jlp,
	volume =  {5},
	pages = {263 - 276},
	year = {1988}}

@proceedings{metawork89,
	title = {Workshop on Meta-programming in Logic Programming},
	year = {1989},
	editor = {Abramson, H. and Rogers, M. },
	address  = {Bristol}  }

@inproceedings{bruneg,
	crossref = {metawork89},
	author  = {Bruffaerts, A. and Henin, E.},
	title = {Negation as Failure: Proofs, Inference Rules and Meta-interpreters},
	year =  1989,
	pages = {169-190}}


@inproceedings{chanpart,
	crossref = {metawork89},
	author  = {Chan, D. and Wallace, M. },
	title = {A Treatment of Negation during Partial Evaluation},
	pages = {299-314}}

@article{transformation90,
	author = {Barbuti, R. and Mancarella, P. and Pedreschi, D. and Turini, F.},
	title =  {A Transformational Approach to Negation in Logic Programming},
	journal  = jlp,
	volume =  {13},
	pages = {5-24},
	year = {1990}}

@techreport{broda90,
	author = {Ng, B.T. and Broda, K.},
	title =  {Partially Evaluating the Completed Program Revised},
	year = {1990},
        institution = {Imperial College}
}

