@STRING{mit = {MIT Press}}
@STRING{spv = {Springer--Verlag}}
@STRING{adw = {Addison--Wesley}}
@STRING{ox = {Oxford Science Publications}}
@STRING{f = {W. H. Freeman}}
@STRING{cam = {Cambridge University Press}}
@STRING{siam = {SIAM Review}}
@STRING{jair = {Journal of Artificial Intelligence Research}}

@article{ty79,
  author =       "Robert Endre Tarjan and Andrew Chi Chih Yao",
  title =        "Storing a Sparse Table",
  journal =      "Communications of the ACM",
  volume =       "22",
  number =       "11",
  pages =        "606--611",
  month =        nov,
  year =         "1979",
  coden =        "CACMA2",
}



@article{eg95,
	author = {Eiter, T. and Gottlob, G.},
	title =  {Identifying the minimal transversals of a hypergraph and related problems},
	journal  = {SIAM Journal on Computing},
	volume =  {24},
        number = {6},
        pages = {1278 - 1304},
        month = {December},
	year = {1995}}

@article{ads86,
	author = {Ausiello, G. and D'Atri, A. and Sacca, D.},
	title =  {Minimal Representation of directed hypergraphs},
	journal  = {SIAM Journal on Computing},
	volume =  {15},
        number = {2},
        pages = {418 - 431},
        month = {May},
	year = {1986}}

@Article{em97,
  author = 	 {Eiter, T. and Mannila, H.},
  title = 	 {Distance Measures for point sets and their computation},
  journal = 	 {Acta Informatica},
  volume = {34},
  number = {2},
  pages = {109 - 134},
  year = 	 {1997}
}



@Article{wm97,
  author = 	 {Wilson, D. R. and Martinez, T. R.},
  title = 	 {Improved Heterogeneous Distance Functions},
  journal = 	 jair,
  year = 	 {1997},
  volume = 	 {6},
  pages = 	 {1-34}
}

@book{naivesets,
	author = {Halmos, P.R.},
	title = {Naive Set Theory},
	publisher = spv,
	year = {1974},
	address = {Massachusetts}  }

@book{bry93,
	author = {Bryant, V. },
	title  = {Aspects of Combinatorics},
	publisher = cam,
	year	= {1993},
	address	= {Cambridge, U.K. }
}


@InProceedings{wil95,
  author = 	 {M. Wild},
  title = 	 {Computations with finite closure systems and implications},
  booktitle = 	 {Proceedings of the International Conference on Computing and Combinatorics},
  year = 	 {1995},
  address = 	 {Xian, China},
  pages = 	 {111-120}
}


@article{hamm50,
	author = {Hamming, R. W.},
	title = {Error Detecting and Error Correcting Codes},
	journal = {The Bell System Technical Journal},
	volume = {26},
	number = {2},
	month = {April},
	year = {1950}	}

@book{gs92,
	author = {Grimmett, G. R. and Stirzaker, D. R.},
	title = {Probability and Random Processes},
	edition  = {second},
	publisher = ox,
	year = {1992},
	address = {Oxford, England}}


@book{bre91,
	author = {Brewka, G.},
	title = {Nonmonotonic Reasoning: Logical Foundations of Commonsense},
	publisher = cam,
	series = {Cambridge Tracts in Theoretical Computer Science -- 12},
	year = {1991},
	address = {Cambridge, England}}


@Book{ks60,
  author = 	 {J.G. Kemeny and J.L. Snell},
  title = 	 {Finite Markov Chains},
  publisher = 	 {D. van Nostrand},
  year = 	 {1960},
  address = 	 {Princeton, NJ}
}

