@STRING{jlp = {Journal of Logic Programming}}
@STRING{ml = {Machine Learning}}
@STRING{jar=  {Journal of Automated Reasoning}}
@STRING{kade=  {IEEE Transactions on Knowledge and Data Engineering}}
@STRING{tcde =  {Bulletin of the Technical Committee on Data Engineering}}
@STRING{jacm = {Journal of the ACM}}
@STRING{acminfsys =  {ACM Transactions on Information Systems}}
@STRING{spv = {Springer--Verlag}}


@Article{fay98b,
  author = 	 {Fayyad, U.},
  title = 	 {Mining Databases: Towards Algorithms for Knowledge Discovery}, 
  journal = 	 tcde,
  year = 	 {1998},
  volume = 	 {21},
  number = 	 {1},
  pages = 	 {39 - 48}
}


@Article{cha98,
  author = 	 {Chaudhuri, S.},
  title = 	 {Data Mining and Database Systems: Where is the Intersection?},
  journal = 	 tcde,
  year = 	 {1998},
  volume = 	 {21},
  number = 	 {1},
  pages = 	 {4 - 8}
}


@InProceedings{kmt96,
  author = 	 {Kontkanen, P. and Myllym\"{a}ki, P. and Tirri, H.},
  title = 	 {Predictive Data Mining with Finite Mixtures},
  booktitle = 	 {Proceedings The Second International Conference on Knowledge Discovery and Data Mining (KDD-96)},
  editor = 	 {Simoudis, E. and Han, J. and Fayyad, U.},
  year = 	 {1996},
  publisher = {AAAI Press},
  address = 	 {Portland, Oregon},
  pages = 	 {176-182}
}

@InProceedings{jl96,
  author = 	 {John, G. H. and Langley, P.},
  title = 	 {Static versus dynamic sampling for data mining},
  booktitle = 	 {Proceedings of the Second International Conference on Knowledge Discovery and Data Mining (KDD-96)},
  editor = 	 {Simoudis, E. and Han, J. and Fayyad, U.},
  year = 	 {1996},
  publisher = {AAAI Press},
  address = 	 {Portland, Oregon},
  pages = 	 {367-370}
}

@Article{mt97,
  author = 	 {Mannila, H. and Toivonen, H.},
  title = 	 {Levelwise Search and Borders of Theories in Knowledge Discovery},
  journal = 	 {Data Mining and Knowledge Discovery},
  year = 	 {1997},
  volume = 	 {1},
  number = 	 {3},
  pages = 	 {241 - 258}
}

@Article{pal97b,
  author = 	 {Palmeri, C.},
  title = 	 {Believe in yourself, believe in the merchandise},
  journal = 	 {Forbes},
  year = 	 {1997},
  volume = 	 {160},
  number = 	 {5},
  month = 	 {Sep 8},
  pages = 	 {118-124}
}

@techreport{MAR96,
	author = {Mehta, M. and Agrawal, R. and Rissanen, J.},
	title =  {{SLIQ}: A Fast Scalable Classifier for Data Mining},
	year = {1996},
	institution  =  {IBM Almaden Research Center},
	address = {San Jose, CA}}


@InProceedings{jmw96, 
  author = 	 {Manfred Jaeger and Heikki Mannila and Emil Weydert},
  title = 	 {Data mining as selective theory extraction
       in probabilistic logic},
  booktitle = 	 {SIGMOD '96 Workshop on Knowledge Discovery},
  year = 	 {1996}
}

@InProceedings{rvf93,
  author = 	 {Bharat Rao, R. and Voigt, T.B. and Fermanian, T.W.},
  title = 	 {Data Mining of Subjective Agricultural Data},
  booktitle = 	 {Machine Learning - Proceedings of the tenth international conference},
  year = 	 {1993},
  pages = 	 {244-251}
}

@TechReport{kph97,
  author = 	 {Kramer, S. and  Pfahringer, B. and  Helma, C.},
  title = 	 {Mining for Causes of Cancer: Machine Learning Experiments at Various Levels of Detail},
  institution =  {Austrian Research Institute for Artificial Intelligence},
  year = 	 {1997},
  number = 	 {TR-97-16},
  address = 	 {Vienna}
}

@TechReport{kra97,
  author = 	 {Kramer, S.},
  title = 	 {Stochastic Propositionalization of Non-Determinate Background Knowledge},
  institution =  {Austrian Research Institute for Artificial Intelligence},
  year = 	 {1997},
  number = 	 {TR-97-17},
  address = 	 {Vienna}
}
