@STRING{mit = {MIT Press}}
@STRING{spv = {Springer--Verlag}}
@STRING{adw = {Addison--Wesley}}
@STRING{ox = {Oxford Science Publications}}
@STRING{f = {W. H. Freeman}}
@STRING{cam = {Cambridge University Press}}
@STRING{siam = {SIAM Review}}


@Article{wil94,
  author = 	 {Willemain, T. R.  },
  title = 	 {Insights on Modeling from a dozen experts},
  journal = 	 {Operations Research},
  year = 	 {1994},
  volume = 	 {42},
  number = 	 {2},
  pages = 	 {213 - 222}
}

@Book{lk91,
  author = 	 {Law and Kelton},
  title = 	 {Simulation, Modelling, and Analysis},
  publisher = 	 {McGraw - Hill},
  year = 	 {1992},
edition = 	 {Second}
}

