
@Book{gat96,
  author = 	 {Gately, E.},
  title = 	 {Neural Networks for Financial Forecasting},
  publisher = 	 {John Wiley \& Sons},
  year = 	 {1996},
  series = 	 {Trader's Advantage Series}
}

@Article{gro95,
  author = 	 {Grossberg, S.},
  title = 	 {The Attentive Brain},
  journal = 	 {American Scientist},
  year = 	 {1995},
  volume = 	 {83},
  pages = 	 {438 - 449}
}


@TechReport{fc95,
  author = 	 {Faraway, J. and Chatfield, C.},
  title = 	 {Time Series Forecasting with Neural Networks: A Case Study},
  institution =  {University of Bath},
  year = 	 {1995},
  number = 	 {95-06}
}

@InCollection{rus96,
  author = 	 {Ruspini, E. H.},
  title = 	 {The Semantics of Approximate Reasoning},
  booktitle = 	 {Fuzzy Logic and Neural Network Handbook},
  publisher = {McGraw - Hill},
  year = 	 {1996},
  editor = 	 {Chen , C. H. },
  chapter = 	 {5},
  pages = 	 {5.1 - 5.26}
}

@InCollection{klim96,
  author = 	 {Klimasauskas, C. C.},
  title = 	 {Neural Networks for Database Applications},
  booktitle = 	 {Fuzzy Logic and Neural Network Handbook},
  publisher = {McGraw - Hill},
  year = 	 {1996},
  editor = 	 {Chen , C. H. },
  chapter = 	 {11},
  pages = 	 {11.1 - 11.11}
}

@InCollection{rb96,
  author = 	 {Refenes, A.N. and Bolland, P.},
  title = 	 {Modelling Quarterly returns on the {FTSE}: A comparative
study with regression and neural networks},
  booktitle = 	 {Fuzzy Logic and Neural Network Handbook},
  publisher = {McGraw - Hill},
  year = 	 {1996},
  editor = 	 {Chen , C. H. },
  chapter = 	 {19},
  pages = 	 {19.1 - 19.27}
}
