@STRING{mit = {MIT Press}}
@STRING{f = {W. H. Freeman}}
@STRING{spv = {Springer--Verlag}}
@STRING{adw = {Addison--Wesley}}
@STRING{jacm = {Journal of the ACM}}
@STRING{tcs = {Theoretical Computer Science}}

@Article{gjs76,
  author = 	 {Garey, M. R. and Johnson, D. S and Stockmeyer, L.},
  title = 	 {Some simplified {NP}-complete graph problems},
  journal = 	 tcs,
  year = 	 {1976},
  volume = 	 {1},
  pages = 	 {237 - 267}
}

@book{gj79,
	author = {Garey, M. R. and Johnson, D. S.},
	title = {Computers and Intractability: A guide to the theory of NP-Completeness},
	publisher = f,
	year = {1979},
	address = {New York}}


@Article{ly94,
  author = 	 {Lund, C. and Yannakakis, M.},
  title = 	 {On the hardness of Approximating Minimization Problems},
  journal = 	 jacm,
  year = 	 {1994},
  volume = 	 {41},
  number = 	 {5},
  pages = 	 {960 - 981}
}

@TechReport{sg94,
  author = 	 {Smith, B. M. and Grant, S. A.},
  title = 	 {Sparse constraint graphs and exceptionally hard problems},
  institution =  {School of Computer Studies, University of Leeds},
  year = 	 {1994},
  number = 	 {94.36}
}

@Article{hoo94,
  author = 	 {Hooker, J. N. },
  title = 	 {Needed: An empirical science of algorithms},
  journal = 	 {Operations Research},
  year = 	 {1994},
  volume = 	 {42},
  number = 	 {2},
  pages = 	 {201 - 212}
}

@Article{pap76,
  author = 	 {Papadimitriou, C.},
  title = 	 {On the complexity of Edge traversing},
  journal = 	 jacm,
  year = 	 {1976},
  volume = 	 {23},
  number = 	 {3},
  pages = 	 {544 - 554}
}

@Article{sg76,
  author = 	 {Sahni, S. and Gonzalez, T.},
  title = 	 {P-Complete Approximation Problems},
  journal = 	 jacm,
  year = 	 {1976},
  volume = 	 {23},
  number = 	 {3},
  pages = 	 {555 - 565}
}

@InProceedings{gw95,
  author = 	 {Gent, I. P. and Walsh, T.},
  title = 	 {The {TSP} Phase Transition},
  booktitle = 	 {First International Joint Workshop on Artificial Intelligence
 and Operations Research},
  year = 	 {1995},
  month = 	 {June}
}

@Article{gw94,
  author = 	 {Gent, I. P. and Walsh, T.},
  title = 	 {An Empirical Analysis of Search in {GSAT}},
  journal = 	 {Journal of Artificial Intelligence Research},
  year = 	 {1994},
  volume = 	 {1},
  pages = 	 {47-59}
}

@inproceedings{coo71,
	author = {Cook, S. A.},
	title = {The Complexity of Theorem-Proving Procedures},
	booktitle = {Proceedings of the 3rd annual ACM symposium on Theory
of Computing},
	address = {New York},
	year = {1971},
	pages = {151 - 158}
}
 
@InProceedings{slm92,
  author = 	 {Selman, B. and Levesque, H. and Mitchell , D.},
  title = 	 {Hard and Easy Distribution of {SAT} Problems},
  booktitle = 	 {Proceedings of the tenth national conference on artificial
intelligence ({AAAI}-92)},
  address = 	 {San Jose},
  month = 	 {July},
  year =         {1992},
  pages = 	 {459- 465}
}


@InProceedings{msl92,
  author = 	 {Mitchell , D. and Levesque, H. and Selman, B.},
  title = 	 {A New Method for solving hard satisfiability problems},
  booktitle = 	 {Proceedings of the tenth national conference on artificial
intelligence ({AAAI}-92)},
  address = 	 {San Jose},
  month = 	 {July},
  year =         {1992},
  pages = 	 {440 - 446}
}


@Article{lk73,
  author = 	 {Lin, S. and Kernighan, B. W.},
  title = 	 {An efficient heuristic for the travelling salesman problem},
  journal = 	 {Operations Research},
  year = 	 {1973},
  volume = 	 {21},
  pages = 	 {498 - 516}
}

@InProceedings{ckt91,
  author = 	 {Cheeseman, P. and Kanefsky, B. and Taylor, W. M.},
  title = 	 {Where the {\em Really} Hard Problems are},
  booktitle = 	 {Proceedings of {IJCAI-91}},
  editor = 	 {Mylopoulos, J. and Reiter, R.},
 publisher = {Morgan Kaufmann},
  address = 	 {San Mateo, CA.},
  pages = 	 {331-337},
  year =	 {1991}		
}

