
@STRING{sm = {{SIGMOD} Record} }

@book{Kim90,
	author = {Kim, W. },
	title = {Introduction to Object-Oriented Databases},
	publisher = mit,
	year = {1990},
	address = {Cambridge, Massachusetts} }

@Article{fon97,
  author = 	 {Fong, J.},
  title = 	 {Converting Relational to Object-Oriented Databases},
  journal = 	 sm,
  year = 	 {1997},
  volume = 	 {26},
  number = 	 {1},
  pages = 	 {53 - 58}
}

@Article{rh97,
  author = 	 {Ramanathan, S. and Hodges, J.},
  title = 	 {Extraction of Object-Oriented Structures from Existing
Relational Databases},
  journal = 	 sm,
  year = 	 {1997},
  volume = 	 {26},
  number = 	 {1},
  pages = 	 {59 - 64}
}
