@STRING{mit = {MIT Press}}
@STRING{spv = {Springer--Verlag}}
@STRING{adw = {Addison--Wesley}}
@STRING{benc = {Benjamin/Cummings}}
@STRING{com = {Computer Science Press}}
@STRING{mh = {McGraw - Hill}}



@Book{ree95,
  title = 	 {Modern Heuristics Techniques for Combinatorial Problems},
  publisher = 	 mh,
  year = 	 {1995},
  editor = 	 {Reeves, C.}
}


@Article{bhh59,
  author = 	 {Beardwood, J. and Halton, J. and Hammersley, J.},
  title = 	 {The Shortest Path through many points},
  journal = 	 {Proceedings of the Cambridge Philosophical Society},
  year = 	 {1959},
  volume = 	 {55},
  pages = 	 {299 - 327 }
}

