@STRING{acmdbtrans = {ACM Transactions on Database Systems}}
@STRING{acmcomms = {Communications of the ACM}}
@STRING{jlp = {Journal of Logic Programming}}
@STRING{ml = {Machine Learning}}
@STRING{jar=  {Journal of Automated Reasoning}}
@STRING{kade=  {IEEE Transactions on Knowledge and Data Engineering}}
@STRING{jacm = {Journal of the ACM}}
 

@InProceedings{bay98,
  author = 	 {Bayardo, R. J.},
  title = 	 {Efficiently mining long patterns from databases},
  booktitle = 	 {Proceedings ACM SIGMOD International Conference on Management of Data, June 2-4, 1998, Seattle, Washington, USA},
  editor = 	 {Haas, L. M. and  Tiwary, A.},
  year = 	 {1998},
  publisher = {ACM Press},
  pages = 	 {85-93}
}

@InProceedings{sa96,
  author = 	 {Srikant, R. and Agrawal, R.},
  title = 	 {Mining Sequential Patterns: Generalizations and Performance Improvements},
  booktitle = 	 {Advances in Database Technology - EDBT '96, 5th International Conference on Extending Database Technology, Avignon, France, March 25-29, 1996}, 
  editor = 	 {Apers, P. and Bouzeghoub, M. and Gardarin, G.},
  year = 	 {1996},
  volume =       {1057},
  series =       {Lecture Notes in Computer Science},
  publisher = {Springer - Verlag},
  pages = 	 {3 - 17}
}

@InProceedings{alss95,
  author = 	 {Agrawal, R. and Lin, K-I. and Sawhney, H.S. and Shim, K.},
  title = 	 {Fast Similarity Search in the presence of noise, scaling and
translation in time-series databases},
  booktitle = 	 {Proceedings of the 21st international conference on very
large databases ({VLDB} '95)},
  editor = 	 {Dayal, U. and Gray, P. and Nishio, S.},
  year = 	 {1995},
  pages = 	 {490 - 501 }
}

@InProceedings{wcms94,
  author = 	 {Wang, J. T-L. and Chirn, G-W. and Marr, T. and Shapiro, B.
 and Shasha, D. and Zhang, K.},
  title = 	 {Combinatorial Pattern Discovery for Scientific Data: Some
Preliminary Results},
  booktitle = 	 {Proceedings of {ACM} Sigmod Conference on Management of Data},
  year = 	 {1994},
  pages = 	 {115-125}
}


@InProceedings{lai93,
  author = 	 {Laird, P.},
  title = 	 {Identifying and using patterns in sequential data},
  booktitle = 	 {Algorithmic Learning Theory: 4th International Workshop},
  year = 	 {1993},
  pages = 	 {1-18}
}

@InProceedings{ks97,
  title =        "A Probabilistic Approach to Fast Pattern Matching in
                 Time Series Databases",
  author =       "Keogh, E. and Smyth, P.",
  pages =        "24-30",
  booktitle =    "Proceedings of the Third International Conference on
                 Knowledge Discovery and Data Mining ({KDD}-97)",
  year =         "1997",
  editor =       "Heckerman, D. and Mannila, H. and Pregibon, D.
                 and Uthurusamy, R.",
  publisher =    "AAAI Press",
}
