@STRING{j_phil = {Journal of Philosophical Logic}}




@Book{haa78,
  author = 	 {Haack, S.},
  title = 	 {Philosophy of Logics},
  publisher = 	 {Cambridge University Press},
  year = 	 {1978}
}

@Article{gg93,
  author = 	 {Gargov, G. and Goranko, V.},
  title = 	 {Modal Logic with Names},
  journal = 	 j_phil,
  year = 	 {1993},
  volume = 	 {22},
  pages = 	 {607-636}
}

@Article{big76,
  author = 	 {Bigelow, J. C.},
  title = 	 {Possible Worlds Foundations for Probability},
  journal = 	 j_phil,
  year = 	 {1976},
  volume = 	 {5},
  pages = 	 {299 - 320}
}


@Book{nii87,
  author = 	 {Niiniluoto, I.},
  title = 	 {Truthlikeness},
  publisher = 	 {Reidel},
  year = 	 {1987}
}

@Article{tuo78,
  author = 	 {Tuomela, R.},
  title = 	 {Theory-Distance and Verisimilitude },
  journal = 	 {Synthese},
  year = 	 {1978},
  volume = 	 {38},
  pages = 	 {213 - 246}
}

@Book{kri72,
  author = 	 {Kripke, S.},
  title = 	 {Naming and Necessity},
  publisher = 	 {Blackwell},
  year = 	 {1972}
}


@Book{che80,
  author = 	 {Chellas, B. F.},
  title = 	 {Modal Logic},
  publisher = 	 {Cambridge},
  year = 	 {1980}
}


@Book{hin62,
  author = 	 {Hintikka, J.},
  title = 	 {Knowledge and Belief},
  publisher = 	 {Cornell University Press},
  year = 	 {1962}
}

@proceedings{philos76,
	title =  {Contemporary Aspects of Philosophy, Proceedings of the Oxford International Symposium},
	booktitle =  {Contemporary Aspects of Philosophy, Proceedings of the Oxford International Symposium},
	year =  {1976},
	editor = {Ryle, G.},
	publisher  =  {Oriel Press}  }

@inproceedings{belnap76,
	crossref = {philos76},
	author = {Belnap, N. D.},
	title = {How a Computer Should Think},
	pages = {30--56}  }

@proceedings{philos77,
	title =  {Invited Papers from the Fifth International Symposium on 
Multiple Valued Logic, Indiana University},
	booktitle =  {Invited Papers from the Fifth International Symposium on 
Multiple Valued Logic, Indiana University},
	year = {1977},
	editor = {Dunn, J. M. and Epstein, G.},
	publisher  =  {D. Reidel Publishing  Company}  }

@inproceedings{belnap77,
	crossref = {philos77},
	author = {Belnap, N. D.},
	title = {A Useful Four-Valued Logic},
	pages = {5--37}  }

@techreport{ibmmodal90,
	author = {Halpern, J. and Moses, Y.},
	title =  {A Guide to the Modal Logics of Knowledge and Belief},
	institution  =  {IBM Research Division},
	year =  {1990},
	note = {used for providing a very solid modal background}}

