@STRING{jlp = {Journal of Logic Programming}}
@STRING{ml = {Machine Learning}}
@STRING{jar=  {Journal of Automated Reasoning}}
@STRING{kade=  {IEEE Transactions on Knowledge and Data Engineering}}
@STRING{jacm = {Journal of the ACM}}

@article{probkbs95,
	author = {Wuthrich, B.},
	title =  {Probabilistic Knowledge Bases},
	journal  = kade,
	volume =  {7},
	number =  {5},
	pages = {740 - 750},
	year = {1995}  }


@article{ng93,
	author = {Ng, R. and Subrahmanian, V. S.},
	title =  {A Semantical Framework for Supporting Subjective and Conditional Probabilities in Deductive Databases},
	journal  = jar,
	volume =  {10},
	number =  {2},
	pages = {191 - 235},
	year = {1993}  }

@article{probdataman92,
	author = {Barbara, D. and Garcia-Molina, H.  and Porter, D.},
	title =  {The Management of Probabilistic Data},
	journal  = kade,
	volume =  {4},
	number =  {5},
	pages = {487 - 502},
	year =   {1992}  }


@inproceedings{cp87,
        author =  {Cavallo, R. and Pittarelli, M. },
        title = {The Theory of Probabilistic Databases },
        booktitle = {Proceedings of the thirteenth international 
conference on vary large data bases},
        editor = {Stocker, P. and Kent, W.},
        publisher =   {Morgan Kaufmann},
        pages = {71 - 81},
        year = {1987}}
 
