@STRING{jlp = {Journal of Logic Programming}}
@STRING{ml = {Machine Learning}}
@STRING{jar=  {Journal of Automated Reasoning}}
@STRING{kade=  {IEEE Transactions on Knowledge and Data Engineering}}
@STRING{jacm = {Journal of the ACM}}
@STRING{acms = {ACM Computing Surveys}}


@Article{vor64,
  author = 	 {Vorob'ev, N. N.},
  title = 	 {On families of random transitions},
  journal = 	 {Theory of Probability and its Applications},
  year = 	 {1964},
  volume = 	 {9},
  number = 	 {1},
  pages = 	 {47 - 64}
}

@InProceedings{cb91, 
 author         = "B. Cestnik and I. Bratko", 
 title          = "On estimating probabilities in tree pruning", 
 booktitle      =   "Proc. Fifth European Working Session on Learning", 
 editor         = "Y. Kodratoff", 
 pages          =  "151--163", 
 publisher       = "Springer", 
 address        =   "Berlin", 
 year           = "1991"
}

@Book{coh95,
  author = 	 {Cohen, P. R.},
  title = 	 {Empirical Methods for Artificial Intelligence},
  publisher = 	 {MIT Press},
  year = 	 {1995}
} 

@Book{fel68,
  author = 	 {Feller, W.},
  title = 	 {An Introduction to Probability Theory and its Applications},
  publisher = 	 {John Wiley and Sons},
  year = 	 {1968},
  edition = 	 {Third}
}

@TechReport{mm95,
  author = 	 {Mc{I}ver, A. and Morgan, C.},
  title = 	 {Probabilistic Determinism},
  institution =  {Oxford University Computing Laboratory},
  year = 	 {1995},
  number = 	 {PRG-TR-13-95}
}

@TechReport{mms96,
  author = 	 {Mc{I}ver, A. and Morgan, C. and Sanders, J.},
  title = 	 {Notes on the random walk: an example of probabilistic
temporal reasoning},
  institution =  {Oxford University Computing Laboratory},
  year = 	 1996,
  number = 	 {PRG-TR-1-96}
}

@Book{siv96,
  author = 	 {Sivia, D. S.},
  title = 	 {Data Analysis: A Bayesian Tutorial},
  publisher = 	 {Oxford University Press},
  year = 	 1996,
  series = 	 {Oxford Science Publications}
}


@article{sj81,
  author =   { Schotch, P. K. and Jennings, R. E. },
  title =   { Probabilistic Considerations on Modal Semantics },
  journal = { Notre Dame Journal of Formal Logic },
  year = { 1981},
  volume = { 22 },
  number = { 3},
  pages = {227 - 238  }
}

