@STRING{mit = {MIT Press}}
@STRING{spv = {Springer--Verlag}}
@STRING{adw = {Addison--Wesley}}
@STRING{ox = {Oxford Science Publications}}
@STRING{f = {W. H. Freeman}}
@STRING{cam = {Cambridge University Press}}
@STRING{siam = {SIAM Review}}
@STRING{jacm = {Journal of the ACM}}
@STRING{acmcomms = {Communications of the ACM}}



@InProceedings{rab76,
  author = 	 {Rabin, M. O.},
  title = 	 {Probabilistic Algorithms},
  booktitle = 	 {Algorithms and Complexity: New Directions and Recent Results},
  editor = 	 {Traub, J. F.},
  pages = 	 {21 - 39},
  publisher =    {Academic Press},
  address =      {New York},
  year =         {1976}
}

@InProceedings{kar76,
  author = 	 {Karp, R. M.},
  title = 	 {The Probabilistic Analysis of some combinatorial search algorithms},
  booktitle = 	 {Algorithms and Complexity: New Directions and Recent Results},
  editor = 	 {Traub, J. F.},
  pages = 	 {1 - 19},
  publisher =    {Academic Press},
  address =      {New York},
  year =         {1976}
}




@InProceedings{gms97,
  author = 	 {Gunopulos, D. and Mannila, H. and Saluja, S.},
  title = 	 {Discovering all most specific sentences by Randomized algorithms},
  booktitle = 	 {Database Theory - ICDT '97, 6th International Conference, Delphi, Greece, January 8-10, 1997, Proceedings},
  editor = 	 {F. Afrati and P. Kolaitis},
  pages  =       {215-229},
  volume =       {1186},
  series =       {Lecture Notes in Computer Science},
  year = 	 {1997}
}

@article{kar91,
	author = {Karp, R. M. },
	title = {An Introduction to Randomized Algorithms},
	journal = {Discrete Applied Mathematics},
	volume = {34},
	pages = {165 - 201},
	year = {1991} }




@Article{cf90,
  author = 	 {Chazelle, B. and Friedman, J.},
  title = 	 {A deterministic view of random sampling and its use in
geometry},
  journal = 	 {Combinatorica},
  year = 	 {1990},
  volume = 	 {10},
  number = 	 {3},
  pages = 	 {229 - 249}
}

@Article{boy89,
  author = 	 {Boyar, J.},
  title = 	 {Inferring sequences produced by pseudo-random number generators},
  journal = 	 jacm,
  year = 	 {1989},
  volume = 	 {36},
  number = 	 {1},
  pages = 	 {129 - 141}
}

@article{pm88,
	author = {Park, S. and Miller, K.},
	title = {Random Number Generators: Good ones are hard to find},
	journal = {Communications of the ACM},
	volume = {31},
	number = {10},
	pages = {1192 - 1201},
	year = {1988}	}


@Book{mr95,
  author = 	 {R. Motwani and P. Raghavan},
  title = 	 {Randomized Algorithms},
  publisher = 	 {Cambridge University Press},
  year = 	 {1995},
  address = 	 {Cambridge}
}



@Article{gsb94,
  author = 	 {Gupta, R. and Smolka, S. A. and Bhaskar, S.},
  title = 	 {On Randomization in Sequential and Distributed Algorithms},
  journal = 	 acms,
  year = 	 {1994},
  volume = 	 {26},
  pages = 	 {7 - 86}
}

@Article{sg90,
  author =       "Sosic, R.  and Gu, J.",
  title =        "A Polynomial Time Algorithm for the {N}-Queens
                 Problem",
  journal =      "SIGARTN: SIGART Newsletter (ACM Special Interest Group
                 on Artificial Intelligence)",
  volume =       "1",
  pages =        {7 - 11},
  year =         "1990",
}

@Article{sg91,
  author =       "Sosic and Gu",
  title =        "3,000,000 Queens in less than one minute",
  journal =      "SIGARTN: SIGART Newsletter (ACM Special Interest Group
                 on Artificial Intelligence)",
  volume =       "2",
  pages =        {22 -24}, 
  year =         "1991",
}


@Article{rsg94,
  title =        "Efficient Local Search with Conflict Minimization: {A}
                 Case Study of the {$n$}-Queens Problem",
  author =       "Rok Sosic and Jun Gu",
  journal =      "IEEE Transactions on Knowledge and Data Engineering",
  pages =        "661--668",
  month =        oct,
  year =         "1994",
  volume =       "6",
  number =       "5",
}
