@STRING{mit = {MIT Press}}
@STRING{spv = {Springer--Verlag}}
@STRING{adw = {Addison--Wesley}}
@STRING{ox = {Oxford Science Publications}}
@STRING{f = {W. H. Freeman}}
@STRING{cam = {Cambridge University Press}}
@STRING{siam = {SIAM Review}}
@STRING{ml = {Machine Learning}}
@STRING{jar=  {Journal of Automated Reasoning}}
@STRING{kade=  {IEEE Transactions on Knowledge and Data Engineering}}
@STRING{jacm = {Journal of the ACM}}
@STRING{cacm = {Communications of the ACM}}
@STRING{ai = {Artificial Intelligence}}
@STRING{jair = {Journal of Artificial Intelligence Research}}

@InProceedings{tor95,
  author = 	 {Torgo, L. },
  title = 	 {Applying Propositional Learning to Time Series Prediction},
  booktitle = 	 { Workshop on Statistics,
      Machine Learning and Knowledge Discovery in Databases (ECML '95) },
  editor = 	 {Kodratoff, Y. and et. al},
  year = 	 {1995}
}

@InProceedings{tor95b,
  author = 	 {Torgo, L.},
  title = 	 {Data Fitting with Rule-based Regression },
  booktitle = 	 {Proceedings of the workshop on Artificial Intelligence Techniques (AIT'95)  },
  editor = 	 {Zizka,J. and  Brazdil,P.},
  year = 	 {1995}
}

@Article{wi95,
  author = 	 {Weiss, S.M. and Indurkhya, N.},
  title = 	 {Rule-based Machine Learning Methods for Functional Prediction},
  journal = 	 jair,
  year = 	 {1995},
  volume = 	 {3},
  pages = 	 {383-403}
}

