@STRING{acmdbtrans = {ACM Transactions on Database Systems}}
@STRING{acmcomms = {Communications of the ACM}}
@STRING{jlp = {Journal of Logic Programming}}
@STRING{ml = {Machine Learning}}
@STRING{dam = {Discrete Applied Mathematics}}
@STRING{spv = {Springer--Verlag}}
@STRING{jar=  {Journal of Automated Reasoning}}
@STRING{kade=  {IEEE Transactions on Knowledge and Data Engineering}}
@STRING{jacm = {Journal of the ACM}}
@STRING{ci = {Computational Intelligence}}

@article{zia95a,
	author = {Ziarko, W.},
	title = {Vagueness and Uncertainty: A Rough Set Perspective},
	journal = ci,
	volume = {11},
	number = {2},
	pages = {227-232},
	year = {1995}	}

@article{wz85,
	author = {Wong, S.K. M. and Ziarko, W. },
	title =  {On Optimal Decision Rules in Decision Tables},
	journal  = {Bulletin of the Polish Academy of Sciences (Mathematics)},
	volume =  {33},
	number = {11-12},
	pages = {693 - 696},
	year = {1985 } }

@article{bpb95,
	author = {Beaubouef, T. and Petry, F. E. and Buckles, B. P. },
	title = {Extension of the Relation Database and its Algebra with Rough Set Techniques},
	journal = ci,
	volume = {11},
	number = {2},
	pages = {233 - 245},
	year = {1995}	}

@article{pwz88,
	author = {Pawlak, Z. and Wong, S.K.M. and Ziarko, W.},
	title = {Rough Sets: Probabilistic versus deterministic approach},
	journal = {International Journal of Man-Machine Studies},
	volume = {29},
	pages = {81 -- 95},
	year = {1988} }

@article{yz88,
	author = {Yasdi, R. and Ziarko, W.},
	title = {An expert system for conceptual schema design:
a machine learning approach},
	journal = {International Journal of Man-Machine Studies},
	volume = {29},
	pages = {351 - 376},
	year = {1988}	}


@inproceedings{wz86,
	author = {Wong, S. K. M. and Ziarko, W.},
	title = {On Learning and Evaluation of Decision Rules in the 
Context of Rough Sets},
	booktitle = {Proceedings of the International Symposium on
Methodologies for Intelligent Systems},
	publisher = {ACM Press},
	pages = {308 -- 324},
	address = {New York},
	year = {1986}	}



@proceedings{incunc93,
	title =  {Incompleteness and Uncertainty  in Information Systems},
	booktitle =  { Workshops in Computing --
Incompleteness and Uncertainty  in Information Systems},
	year =  {1993},
	address = {Montreal},
	editor = {Alagar, V.S. and Bergler, S. and Dong, F. Q.},
	publisher  =  spv  }

@inproceedings{mg93,
	crossref = {incunc93},
	author = {Missaoui, R. and Godin, R.},
	title = {Extracting Exact and Approximate  Rules from Databases},
	pages = {209--221}  }

@inproceedings{bc93,
	crossref = {incunc93},
	author = {Banerjee, M. and Chakraborty, M. K.},
	title = {Logic of Rough Sets},
	pages = {223--235}  }

@inproceedings{ziar91,
	crossref = {knowdisc91},
	author = {Ziarko, W.},
	title = {The  Discovery, Analysis, and Representation of Data Dependencies in Databases},
	pages = {195--211}  }

@inproceedings{paw93,
	crossref = {incunc93},
	author = {Pawlak, Z.},
	title = {Knowledge and Uncertainty a Rough Set Approach},
	pages = {34 -- 42}  }

@inproceedings{wys93,
	crossref = {incunc93},
	author = {Wybraniec-Skardowska, U.},
	title = {A Logical Explication of the Concepts of Incomplete and uncertain information},
	pages = {180 -- 188}  }

@inproceedings{orl93,
	crossref = {incunc93},
	author = {Orlowska, E.},
	title = {Reasoning with Incomplete Information: Rough Set Based Information  Logics},
	pages = {16 -- 33}  }

