@STRING{acmdbtrans = {ACM Transactions on Database Systems}}
@STRING{acmcomms = {Communications of the ACM}}
@STRING{jlp = {Journal of Logic Programming}}
@STRING{ml = {Machine Learning}}
@STRING{jar=  {Journal of Automated Reasoning}}
@STRING{kade=  {IEEE Transactions on Knowledge and Data Engineering}}
@STRING{jacm = {Journal of the ACM}}




@Article{lw98,
  author = 	 {Lam, S. K. and Wong, M. H.},
  title = 	 {A fast projection algorithm for sequence data searching},
  journal = 	 {Data and Knowledge Engineering},
  year = 	 {1998},
  volume = 	 {28},
  pages = 	 {321-339}
}

