
@article{mbm90,
	author = {Mc{E}rlean, F. J. and Bell, D. A. and Mc{C}lean, S. I.},
	title =  {The use of Simulated Annealing for Clustering Data in Databases},
	journal  =  {Information Systems},
	volume =  {15},
	number =  {2},
	pages = {233 -- 245},
	year = {1990} }

@article{mrsv86,
	author = {Mitra, D. and Romeo, F. and Sangiovanni-Vincentelli, A.},
	title =  {Convergence and Finite-Time Behaviour of Simulated Annealing},
	journal  =  {Advances  in Aplied Probability},
	volume =  {18},
	pages = {747 -- 771},
	year = {1986} }

@article(kirk83,
  author =      {S. Kirkpatrick and C. D. {Gelatt Jr.} and M. P. Vecchi}, 
  title =       {Optimization by Simulated Annealing},
  journal =     {Science},
  year =        1983,
  volume =      {220},
  number =      {4598},
  pages =       {671-680},
  month =       {May},
  note =        {13th},
  size =        {9 pages},
  abstract =    {},
  notes =       {Simulated annealing background presented. Looks at
optimisation of two chip IBM 370 wiring interconnection. 98 chip
placement on CPU ceramic module holder for IBM 3081. TSP manhattan
6000 cities}
)


@article{Ing93,
     AUTHOR = {Ingber, L.},  
     JOURNAL = {Journal of Mathematical Computer Modelling},  
     NUMBER = {11},  
     PAGES = {29--57},  
     TITLE = {Simulated Annealing: Practice versus {T}heory},  
     VOLUME = {18},  
     YEAR = {1993}
}


@book{aartbook89,
     AUTHOR = {Aarts, E.  and Korst, J.},  
     PUBLISHER = {John Wiley \& Sons},  
     TITLE = {Simulated Annealing and Boltzmann Machines},  
     YEAR = {1989}
}


@Book{la87,
  author = 	 {van Laarhoven, P. J. M. and Aarts, E. H. L.},
  title = 	 {Simulated Annealing: Theory and Applications},
  publisher = 	 {Kluwer},
  year = 	 {1987},
  address = 	 {Dordrecht}
}

@article{bono84,
     AUTHOR = {Bonomi, E. and Lutton, J.L.},  
     JOURNAL = {SIAM Review},  
     PAGES = {551--568},  
     TITLE = {The {N-City} Travelling Salesman Problem:  Statistical Mechanics and the
{M}etropolis Algorithm},  
     YEAR = {1984}
}


@techreport{brug93,
     ADDRESS = {M\"{u}nchen, Germany},  
     AUTHOR = {Bernd Brugmann},  
     INSTITUTION = {Max--Planck Institute of Physics},  
     TITLE = {Monte {C}arlo Go},  
     YEAR = {1993}
}


@article{gem84,
     AUTHOR = {Geman, S. and Geman, D.},  
     JOURNAL = {IEEE Transactions of Pattern Analysis and Machine Intelligence},  
     NUMBER = {6},  
     PAGES = {721--741},  
     TITLE = {Stochastic Relaxation, {G}ibbs Distributions, and the {B}ayesian Restoration of Images
},  
     VOLUME = {PAMI-6},  
     YEAR = {1984}
}


@inproceedings{hua94,
     AUTHOR = {Hua, K. A. and Lang, S. D. and Lee, W. K.},  
     BOOKTITLE = {Proceedings of the Thirteenth Symposium on Principles of Database
Systems},  
     EDITOR = {V. Vianu},  
     PAGES = {117 -- 128},  
     PUBLISHER = {ACM Press},  
     TITLE = {A Decomposition-Based Simulated Annealing Technique for Data Clustering},  
     YEAR = {1994}
}


@article{met53,
     AUTHOR = {Metropolis, N. and Rosenbluth, A. W. and Rosenbluth, M. N. and Teller, A. H.},  
     JOURNAL = {The Journal of Chemical Physics},  
     NUMBER = {6},  
     PAGES = {1087 -- 1092},  
     TITLE = {Equation of State Calculations by Fast Computing Machines},  
     VOLUME = {21},  
     YEAR = {1953}
}


@article{szu87,
     AUTHOR = {Szu, H. and Hartley, R.},  
     JOURNAL = {Physics Letters A},  
     MONTH = {June},  
     NUMBER = {3,4},  
     TITLE = {Fast Simulated Annealing},  
     VOLUME = {122},  
     YEAR = {1987}
}

