@STRING{acmdbtrans = {ACM Transactions on Database Systems}}
@STRING{acmcomms = {Communications of the ACM}}
@STRING{jlp = {Journal of Logic Programming}}
@STRING{ml = {Machine Learning}}
@STRING{jar=  {Journal of Automated Reasoning}}
@STRING{kade=  {IEEE Transactions on Knowledge and Data Engineering}}
@STRING{jacm = {Journal of the ACM}}
 

@Article{ege94,
  author = 	 {Egenhofer, M.},
  title = 	 {Spatial {SQL}: A Query and Presentation Language},
  journal = 	 kade,
  year = 	 {1994},
  volume = 	 {6},
  number = 	 {1},
  month = 	 {February},
  pages = 	 {86 - 95}
}



@InProceedings{kh95,
  author = 	 {Koperski, K. and Han, J.},
  title = 	 {Discovery of Spatial Association Rules in Geographic
Information Databases},
  booktitle = 	 {Advances in Spatial Databases - 4th International Symposium},
  editor = 	 {Egenhofer, M. and Herring, J.R.},
  number = 	 {951},
  series = 	 {Lecture Notes in Computer Science},
  year = 	 {1995},
  publisher =    {Springer - Verlag  },
  OPTaddress = 	 {Portland, USA},
  OPTmonth = 	 {August},
  OPTpages = 	 {47 - 66}
}


@InProceedings{ekx95,
  author = 	 {Ester, M. and Kriegel, H-P. and Xu, X.},
  title = 	 {Knowledge Discovery in Large Spatial Databases: Focussing
techniques for efficient class identification},
  booktitle = 	 {Advances in Spatial Databases - 4th International Symposium},
  editor = 	 {Egenhofer, M. and Herring, J.R.},
  number = 	 {951},
  series = 	 {Lecture Notes in Computer Science},
  year = 	 {1995},
  publisher =    {Springer - Verlag  },
  OPTaddress = 	 {Portland, USA},
  OPTmonth = 	 {August},
  OPTpages = 	 {67- 82}
}

@InProceedings{kah96,
  author = 	 {Koperski, K. and Adhikary, J. and Han, J.},
  title = 	 {Spatial Data Mining: Progress and Challenges},
  booktitle = 	 {SIGMOD'96 Workshop. on Research Issues on Data Mining and Knowledge Discovery (DMKD'96)},
  year = 	 {1996},
  address = 	 {Montreal, Canada},
  month = 	 {June}
}

@InProceedings{psv96,
  author = 	 {Papadimitriou, C. and Suciu, D. and Vianu, V. },
  title = 	 {Topological Queries in spatial databases},
  booktitle = 	 {Proceedings of the fifteenth ACM SIGACT-SIGMOD-SIGART 
symposium of principles of database systems},
  year = 	 {1996},
  publisher = {ACM Press},
  address = 	{Montreal, Canada},
  month = 	 {June},
  pages = 	 {81 - 92}
}

