@STRING{mit = {MIT Press}}
@STRING{spv = {Springer--Verlag}}
@STRING{adw = {Addison--Wesley}}
@STRING{ox = {Oxford Science Publications}}
@STRING{f = {W. H. Freeman}}
@STRING{cam = {Cambridge University Press}}
@STRING{siam = {SIAM Review}}
@STRING{jasa = {Journal of the American Statistical Association}}
@STRING{jcgs = {Journal of Computational and Graphical Statistics}}


@InCollection{cl96b,
  author = 	 {Cleveland, W. S. and Loader, C. L.},
  title = 	 {Smoothing by Local Regression: Principles and Methods},
  booktitle = 	 {Statistical Theory and Computational Aspects of Smoothing},
  publisher = spv,
  year = 	 {1996},
  editor = 	 {Haumlrdle, W. and Schimek, M. G.},
  address = 	 {New York},
  pages = 	 {10 - 49}
}

@Article{bcl94,
  author = 	 {Becker, R. A. and Clark, L. A. and Lambert, D.},
  title = 	 {Cave Plots: A Graphical Technique for Comparing Time Series},
  journal = 	 jcgs,
  year = 	 {1994},
  volume = 	 {3},
  number = 	 {3},
  pages = 	 {277 - 284}
}

@Article{pw93,
  author = 	 {Praestgaard, J. and Wellner, J. A.},
  title = 	 {Exchangeably weighted bootstraps of the general empirical process},
  journal = 	 {The Annals of Probability},
  year = 	 {1993},
  volume = 	 {21},
  number = 	 {4},
  pages = 	 {2053- 2086}
}

@Book{hal92b,
  author = 	 {Hall, P},
  title = 	 {The bootstrap and {E}dgeworth expansion},
  publisher = 	 spv,
  year = 	 {1992}
}

@Article{bbh94,
  author = 	 {Booth, J. G. and Butler, R. W. and Hall, P.},
  title = 	 {Bootstrap methods for finite populations},
  journal = 	 jasa,
  year = 	 {1994},
  volume = 	 {89},
  pages = 	 {1282- 1289}
}

@Article{bur94,
  author = 	 {Burr, D.},
  title = 	 {A Comparison of certain bootstrap confidence intervals
 in the {C}ox model},
  journal = 	 jasa,
  year = 	 {1994},
  volume = 	 {89},
  pages = 	 {1290- 1302}
}

@Article{pr94,
  author = 	 {Politis, D. N. and Romano, J. P.},
  title = 	 {The Stationary Bootstrap},
  journal = 	 jasa,
  year = 	 {1994},
  volume = 	 {89},
  pages = 	 {1303 - 1313}
}

@Article{kun89,
  author = 	 {K\"{u}nsch, H. R.},
  title = 	 {The jackknife and the Bootstrap for general stationary observations},
  journal = 	 {Annals of Statistics},
  year = 	 {1989},
  volume = 	 {17},
  number = 	 {3},
  pages = 	 {1217 - 1241}
}

@Article{wil94b,
  author = 	 {Willeman, T. R.},
  title = 	 {Bootstrap on a Shoestring: Resampling using Spreadsheets},
  journal = 	 {American Statistician},
  year = 	 {1994},
  volume = 	 {48},
  number = 	 {1}
}


@Article{lpr92,
  author = 	 {L\'{e}ger, C. and Politis, D. N. and Romano, J. P.},
  title = 	 {Bootstrap Technology and Applications},
  journal = 	 {Technometrics},
  year = 	 {1992},
  volume = 	 {34},
  OPTnumber = 	 {4},
  OPTmonth = 	 {November},
  OPTpages = 	 {378 - 398}
}

@Article{du91,
  author = 	 {Donegani, M. and Untern\"{a}hrer, M.},
  title = 	 {Estimation of the variance of an adaptive estimator by bootstrapping},
  journal = 	 {Communications in Statistics - Theory and Methods},
  year = 	 {1991},
  volume = 	 {20},
  pages = 	 {3925 - 3931}
}

@Book{manly97,
  author = 	 {Manly, B. F. J.},
  title = 	 {Randomization, Bootstrap and Monte Carlo Methods in Biology},
  publisher = 	 {Chapman and Hall},
  year = 	 {1997},
  series = 	 {Texts in Statistical Science},
  edition = 	 {Second}
}

@article{han85,
	author = {Hand, D. J. },
	title =  {Statistical expert systems: necessary attributes },
	journal = {Journal of Applied Statistics },
	volume = {12},	
	number = {1},
	pages = {19 - 27},
	year = {1985}	}

@Article{nek95,
  author = 	 {Ney, H. and Essen, U. and Kneser, R.},
  title = 	 {On the estimation of {\em small} probabilities by leaving-one-out},
  journal = 	 {IEEE Transactions on Pattern Analysis and Machine Intelligence},
  year = 	 {1995},
  volume = 	 {17},
  number = 	 {12},
  pages = 	 {1202 - 1212}
}

@article{efro79,
	author = {Efron, B.},
	title = {Computers and the theory of statistics: thinking the 
unthinkable},
	journal = siam,
	volume = {21},
	number = {4},
        pages = {460 - 480},
	year = {1979}	}


@article{efro78,
	author = {Efron, B.},
	title = {Controversies in the foundations of statistics},
	journal = {American Mathematical Monthly},
	volume = {85},
	number = {4},
        pages = {231 - 246},
	year = {1978}	}

@Article{de83,
  author = 	 {Diaconis, P. and Efron, B.},
  title = 	 {Computer-Intensive Methods in Statistics},
  journal = 	 {Scientific American},
  year = 	 {1983},
  volume = 	 {248},
  number =       {5},
  pages = 	 {116-130}
}


@Article{efr85,
  author = 	 {Efron, B.},
  title = 	 {Bootstrap confidence intervals for a class of parametric
problems},
  journal = 	 {Biometrika},
  year = 	 {1985},
  volume = 	 {72},
  number =       {1},
  pages = 	 {45-58}
}

@book{efr82,
  author = 	 {Efron, B.},
  title = 	 {The jackknife, the bootstrap and other resampling plans},
  series =  {CBMS-National Science Foundation Monograph},
  publisher =  {Society for Industrial and Applied Mathematics},
  year = 	 {1982},
  number = 	 {38}
}

@Article{et91,
  author = 	 {Efron, B. and Tibshirani, R.},
  title = 	 {Statistical Data Analysis in the Computer Age},
  journal = 	 {Science},
  year = 	 {1991},
  volume = 	 {253},
  pages = 	 {390 - 395}
}

@Book{et93,
  author = 	 {Efron, B. and Tibshirani, R.},
  title = 	 {An Introduction to the bootstrap},
  publisher =    {Chapman and Hall},
  series =       { Monographs on Statistics and Applied Probability },
  number =       { 57 },
  year = 	 {1993},
 }



@Article{et86,
  author = 	 {Efron, B. and Tibshirani, R.},
  title = 	 {Bootstrap methods for standard errors, confidence intervals,
and other measures of statistical accuracy},
  journal = 	 {Statistical Science},
  year = 	 {1986},
  volume = 	 {1},
  number =       {1},
  pages = 	 {54 - 77}
}


