@STRING{acmdbtrans = {ACM Transactions on Database Systems}}
@STRING{acmcomms = {Communications of the ACM}}
@STRING{jlp = {Journal of Logic Programming}}
@STRING{ml = {Machine Learning}}
@STRING{jar=  {Journal of Automated Reasoning}}
@STRING{kade=  {IEEE Transactions on Knowledge and Data Engineering}}
@STRING{jacm = {Journal of the ACM}}
@STRING{mit = {MIT Press}}
@STRING{ox = {Oxford Science Publications}}
@STRING{f = {W. H. Freeman}}
@STRING{spv = {Springer--Verlag}}
@STRING{adw = {Addison--Wesley}}
@STRING{cam = {Cambridge University Press}}

@article{glov89,
	author = {Glover, F.},
	title =  {Tabu Search - Part {I}},
	journal  = {ORSA Journal on Computing},
	volume =  {1},
	number =  {3},
	pages = {190 -- 206},
	year = {1989}}

@article{glov90,
	author = {Glover, F.},
	title =  {Tabu Search - Part {II}},
	journal  = {ORSA Journal on Computing},
	volume =  {2},
	number =  {1},
	pages = {4 -- 31},
	year = {1990}}

@inproceedings{che85,
	author =  {Cheeseman, P.},
	title = {In Defense of Probability},
	booktitle = {Proceedings of the Ninth International Joint Conference on Artificial Intelligence},
	publisher =   {AAAI Press},
	volume = {2},
	pages = {1002 - 1009},
	year = {1985}}

