@STRING{jlp = {Journal of Logic Programming}}
@STRING{ml = {Machine Learning}}
@STRING{jar=  {Journal of Automated Reasoning}}
@STRING{kade=  {IEEE Transactions on Knowledge and Data Engineering}}
@STRING{jacm = {Journal of the ACM}}
@STRING{acminfsys =  {ACM Transactions on Information Systems}}
@STRING{cacm = {Communications of the ACM}}
@STRING{dmkd = {Data Mining and Knowledge Discovery}}
@STRING{spv = {Springer--Verlag}}
@STRING{ai = {Artificial Intelligence}}
@STRING{mit = {MIT Press}}

@InProceedings{efk98,
  author = 	 {Ester, M. and Frommelt, A. and Kriegel, H. and Sander, J.},
  title = 	 {Algorithms for Characterization and Trend Detection in Spatial Databases},
  booktitle = 	 {Proceedings of the Fourth
International Conference on Knowledge Discovery and Data Mining (KDD-98)},
  editor = 	 {Agrawal, R. and  Stolorz, P. and  Piatetsky-Shapiro, G.},
  year = 	 {1998},
  publisher = {AAAI Press},
  address = 	 {New York City, New York, USA},
  month = 	 {August 27-31},
  pages = 	 {44-50}
}


@InProceedings{gws98,
  author = 	 {Guralnik, V. and  Wijesekera, D. and  Srivastava, J.},
  title = 	 {Pattern Directed Mining of Sequence Data},
  booktitle = 	 {Proceedings of the Fourth
International Conference on Knowledge Discovery and Data Mining (KDD-98)},
  editor = 	 {Agrawal, R. and  Stolorz, P. and  Piatetsky-Shapiro, G.},
  year = 	 {1998},
  publisher =    {AAAI Press},
  address = 	 {New York City, New York, USA},
  month = 	 {August 27-31},
  pages = 	 {51-57}
}

@InCollection{bt98,
  author = 	 {Berger, G. and Tuzhilin, A.},
  title = 	 {Discovering Unexpected Patterns in Temporal Data Using Temporal Logic},
  booktitle = 	 {Temporal Databases - Research and Practice},
  publisher = spv,
  year = 	 {1998},
  volume = 	 {1399},
  series = 	 {Lecture Notes in Computer Science},
  pages = 	 {281-309}
}

@Article{hk98,
  author = 	 {Hsu, C-N. and Knoblock, C. A.},
  title = 	 {Discovering Robust Knowledge from Databases that Change},
  journal = 	 dmkd,
  year = 	 {1998},
  volume = 	 {2},
  number = 	 {1},
  pages = 	 {69-95}
}

@InProceedings{pt96,
  author = 	 {Padmanabhan, B. and Tuzhilin, A.},
  title = 	 {Pattern Discovery in Temporal Databases: A Temporal Logic Approach},
  booktitle = 	 {Proceedings of the Second International Conference on Knowledge Discovery and Data Mining (KDD-96)},
  editor = 	 {Simoudis, E. and Han, J. and Fayyad, U.},
  year = 	 {1996},
  publisher = {AAAI Press},
  address = 	 {Portland, Oregon},
  pages = 	 {351 - 354}
}




