@STRING{jlp = {Journal of Logic Programming}}
@STRING{ml = {Machine Learning}}
@STRING{jar=  {Journal of Automated Reasoning}}
@STRING{kade=  {IEEE Transactions on Knowledge and Data Engineering}}
@STRING{jacm = {Journal of the ACM}}
@STRING{acminfsys =  {ACM Transactions on Information Systems}}
@STRING{cacm = {Communications of the ACM}}
@STRING{spv = {Springer--Verlag}}
@STRING{ai = {Artificial Intelligence}}
@STRING{mit = {MIT Press}}
@STRING{ieee = {IEEE Press}}


@InProceedings{hgy98,
  author = 	 {Han, J. and Gong, W. and Yin, Y.},
  title = 	 {Mining Segment-Wise Periodic Patterns in Time-Related Databases},
  booktitle = 	 {Proc. of the Fourth International
Conference on Knowledge Discovery and Data Mining (KDD-98)},
  year = 	 {1998},
  publisher = {AAAI Press},
  address = 	 {New York City, New York, USA},
  pages = 	 {214-218}
}

@InProceedings{raf99,
  author = 	 {Rafiei, D. },
  title = 	 {On Similarity-Based Queries for Time Series Data},
  booktitle = 	 {Proc. IEEE Intl. Conf. on Data Eng. (ICDE '99) (to appear)},
  year = 	 {1999},
  address = 	 {Sydney, Australia},
  month = 	 {March}
}

@Book{ko90,
  author = 	 {Kendall, M. and Ord, J-K.},
  title = 	 {Time Series},
  publisher = 	 {Edward Arnold},
  year = 	 {1990},
  edition = 	 {Third}
}

@Book{end95,
  author = 	 {Enders, W.},
  title = 	 {Applied Econometric Time Series},
  publisher = 	 {John Wiley \& Sons, inc.},
  year = 	 {1995},
  series = 	 {Wiley Series in Probability and Mathematical Statistics}
}

@InProceedings{rm97,
  author = 	 {Rafiei, D. and Mendelzon, A.},
  title = 	 {Similarity-Based Queries for Time Series Data},
  booktitle = 	 {Proceedings of the {ACM SIGMOD} International Conference on Management of Data},
  year = 	 {1997},
  address = 	 {Tucson, Arizona},
  month = 	 {May},
  pages = 	 {13-24}
}

@InProceedings{dgm97,
  author = 	 {Das, G. and Gunopulos, D. and Mannila, H.},
  title = 	 {Finding Similar Time Series},
  booktitle = 	 {Principles of Data Mining and Knowledge Discovery, First
European Symposium, (PKDD '97), Trondheim, Norway, June 24-27, 1997, Proceedings}, 
  editor = 	 {Komorowski, H. J. and \.{Z}ytkow, J. M.},
  volume = 	 {1263},
  series = 	 {Lecture Notes in Artificial Intelligence},
  publisher = 	 spv,
  pages = 	 {88-100},
  year = 	 {1997}
}


@InProceedings{dlm98,
  author = 	 {Das, G. and Lin, K-I. and Mannila, H. and Renganathan, G. and Smyth, P.},
  title = 	 {Rule Discovery from Time Series},
  booktitle = 	 {Proc. of the Fourth International Conference on Knowledge Discovery and Data Mining (KDD-98)},
  year = 	 {1998},
  publisher = {AAAI Press},
  address = 	 {New York City, New York, USA},
  pages = {16 - 22}
}

@InCollection{bc96b,
  author = 	 {Berndt, D. and Clifford, J.},
  title = 	 {Finding patterns in time series: a dynamic programming approach},
  crossref =  {kdd96},
  pages = 	 {229 - 248}
}


@InProceedings{bdg97,
  author = 	 {Bollob\'as, B. and Das, G. and Gunopulos, D. and Mannila, H.},
  title = 	 {Time-Series Similarity Problems and Well-Separated Geometric Sets},
  booktitle = 	 {13th Annual ACM Symposium on Computational Geometry},
  year = 	 {1997}
}


@Book{jen79,
  author = 	 {G. M. Jenkins},
  title = 	 {Practical Experiences with modelling and forecasting time series},
  publisher = 	 {GJP},
  year = 	 {1979}
}

@Phdthesis{hut94,
	author = {Hutchinson, J. M.},
	title = {A Radial Basis function approach to financial time series analysis},
	school = {Massachusetts Institute of Technology},
	year = {1994}	} 
	
@techreport{rrs93,
	author = {Roth, W. G. and Ramakrishnan, R. and Seshadri, P.},
	title = {{MIMSY}: A System for analysing time series data in the
stock market domain},
	institution = {University of Wisconsin},
	year = {1993}	}

@proceedings{wg94,
	title = {Time Series Prediction: Forecasting the Future
and Understanding the Past},
	booktitle =  {Time Series Prediction: Forecasting the Future
and Understanding the Past},
	series = {SFI Studies in the Sciences of Complexity},
	volume = {XV},
	year =  {1994},
	editor = {Weigend, A. S. and Gershenfeld, N. A.},
	publisher  =  {Addison-Wesley}  }

@inproceedings{cw94,
	crossref = {wg94},
	author = {Casdagli, M. and Weigend, A. S. },
	title = {Exploring the Continuum Between Deterministic and
Stochastic Modeling},
	pages = {347-367}  }

@book{chat80,
	author = {Chatfield, C.},
	title = {The Analysis of Time Series: Theory and Practice},
	publisher = {Chapman and Hall},
	address = {London},
	year = {1975} }

@book{naze88,
	author = {Nazem, S. M.},
	title = {Applied Time Series Analysis for Business and Economic
Forecasting},
	publisher = {Marcel Dekker},
	address = {New York},
	year = {1988}	}


@inproceedings{bc96,
	author = {Berndt, D. J. and Clifford, J.},
	title = {Finding Patterns in Time Series: A dynamic programming approach},
	booktitle = {Advances in Knowledge Discovery and Data Mining},
	editor = {Fayyad, U. M. and Piatetsky-Shapiro, G. and Smyth, P.
and Uthurusamy, R.},
	year = {1996}	}




