@STRING{acmdbtrans = {ACM Transactions on Database Systems}}
@STRING{acmcomms = {Communications of the ACM}}
@STRING{jlp = {Journal of Logic Programming}}
@STRING{ml = {Machine Learning}}
@STRING{ de = {Bulletin of the Technical Committee on Data Engineering}}
@STRING{kade=  {IEEE Transactions on Knowledge and Data Engineering}}
@STRING{jacm = {Journal of the ACM}}
@STRING{ac = {Acta Cybernetica} }
@STRING{sm = {{SIGMOD} Record} }

@Article{cd97,
  author = 	 {Chaudhuri, S. and Dayal, U.},
  title = 	 {An Overview of Data Warehousing and {OLAP} Technology},
  journal = 	 sm,
  year = 	 {1997},
  volume = 	 {26},
  number = 	 {1}
}

@InProceedings{uh93,
  author = 	 {Uhrowczik, P.},
  title = 	 {Information Warehouse Architecture},
  booktitle = 	 {Proceedings of DB/Expo '93},
  year = 	 {1993},
  address = 	 {San Francisco},
  month = 	 {May},
  pages = 	 {107}
}

@Article{kim96,
  author = 	 {R. Kimball},
  title = 	 {Dangerous Preconceptions},
  journal = 	 {DBMS},
  year = 	 {1996},
  volume = 	 {9},
  number = 	 {9},
  month = 	 {August},
  pages = 	 {14 - 16}
}


@Article{rud96,
  author = 	 {Rudin , K.},
  title = 	 {What's new in Data Warehousing},
  journal = 	 {DBMS},
  year = 	 {1996},
  volume = 	 {9},
  number = 	 {9},
  month = 	 {August},
  pages = 	 {S4 - S28}
}

@book{inm96a,
        author =        {Inmon, W. H.},
        title  =        {Building the Data Warehouse},
        year    =       {1996},
        publisher =     {Wiley},
        address =       {New York}      }

@Article{inm96,
  author = 	 {Inmon, W. H.},
  title = 	 {The Data Warehouse and Data Mining},
  journal = 	 cacm,
  year = 	 {1996},
  volume = 	 {39},
  number = 	 {11},
  month = 	 {November},
  pages = 	 {49-50}
}


@Article{inm92,
  author = 	 {Inmon, W. H.},
  title = 	 {EIS and the Data Warehouse; a simple approach to building
an effective foundation for EIS},
  journal = 	 {Database Programming and Design},
  year = 	 {1992},
  volume = 	 {5},
  number = 	 {11},
  month = 	 {November},
  pages = 	 {70 - 73}
}



@book{sim95,
	author = {Simon, A. R.},
	title = {Strategic Database Technology: Management for the year 2000},
	publisher = {Morgan Kaufmann},
	year = {1995},
	address = {San Francisco, California}	}

@article{gm95,
	author = {Gupta, A. and Mumick, I. S. },
	title =  {Maintenance of Materialised Views: Problems, Techniques, and Applications },
	journal  = de,
	volume =  {18},
	number = {2},
	pages = { 3 -- 18 },
        month = {June},
	year = {1995}}


@article{rck95,
	author = {Roussopoulos, N. and Chungmin, M. C. and Kelley, S. and 
Delis, A. and Papakonstantinou, Y.  },
	title =  {The {M}aryland {ADMS} Project: Views {R} us },
	journal  = de,
	volume =  {18},
	number = {2},
	pages = { 19 -- 29 },
        month = {June},
        year = {1995}}


@article{hgmw95,
	author = {Hammer, J. and Garcia-Molina, H. and Widom, J. and 
Labio, W. and Zhuge, Y.  },
	title =  {The {S}tanford Data Warehousing Project },
	journal  = de,
	volume =  {18},
	number = {2},
	pages = { 41 -- 48 },
        month = {June},
        year = {1995}}






